%% This BibTeX bibliography file was created using BibDesk.
%% https://bibdesk.sourceforge.io/

%% Created for Valentin Schmutz at 2023-06-03 10:39:34 +0100 


%% Saved with string encoding Unicode (UTF-8) 



@article{Zha96,
	author = {Zhang, Kechen},
	date-added = {2023-06-03 10:39:26 +0100},
	date-modified = {2023-06-03 10:39:34 +0100},
	journal = {Journal of Neuroscience},
	number = {6},
	pages = {2112--2126},
	publisher = {Soc Neuroscience},
	title = {Representation of spatial orientation by the intrinsic dynamics of the head-direction cell ensemble: a theory},
	volume = {16},
	year = {1996}}

@article{PatSch13,
	author = {Patel, Jagdish and Schomburg, Erik W and Ber{\'e}nyi, Antal and Fujisawa, Shigeyoshi and Buzs{\'a}ki, Gy{\"o}rgy},
	date-added = {2023-06-03 10:04:28 +0100},
	date-modified = {2023-06-03 10:04:40 +0100},
	journal = {Journal of Neuroscience},
	number = {43},
	pages = {17029--17041},
	publisher = {Soc Neuroscience},
	title = {Local generation and propagation of ripples along the septotemporal axis of the hippocampus},
	volume = {33},
	year = {2013}}

@article{PatFuj12,
	author = {Patel, Jagdish and Fujisawa, Shigeyoshi and Ber{\'e}nyi, Antal and Royer, S{\'e}bastien and Buzs{\'a}ki, Gy{\"o}rgy},
	date-added = {2023-06-03 10:03:36 +0100},
	date-modified = {2023-06-03 10:03:49 +0100},
	journal = {Neuron},
	number = {3},
	pages = {410--417},
	publisher = {Elsevier},
	title = {Traveling theta waves along the entire septotemporal axis of the hippocampus},
	volume = {75},
	year = {2012}}

@article{LubSia09,
	author = {Lubenov, Evgueniy V and Siapas, Athanassios G},
	date-added = {2023-06-03 10:02:58 +0100},
	date-modified = {2023-06-03 10:03:14 +0100},
	journal = {Nature},
	number = {7246},
	pages = {534--539},
	publisher = {Nature Publishing Group UK London},
	title = {Hippocampal theta oscillations are travelling waves},
	volume = {459},
	year = {2009}}

@article{RubRob06,
	author = {Rubino, Doug and Robbins, Kay A and Hatsopoulos, Nicholas G},
	date-added = {2023-06-03 10:00:42 +0100},
	date-modified = {2023-06-03 10:01:00 +0100},
	journal = {Nature neuroscience},
	number = {12},
	pages = {1549--1557},
	publisher = {Nature Publishing Group US New York},
	title = {Propagating waves mediate information transfer in the motor cortex},
	volume = {9},
	year = {2006}}

@article{TakKim15,
	author = {Takahashi, Kazutaka and Kim, Sanggyun and Coleman, Todd P and Brown, Kevin A and Suminski, Aaron J and Best, Matthew D and Hatsopoulos, Nicholas G},
	date-added = {2023-06-03 09:59:54 +0100},
	date-modified = {2023-06-03 10:00:06 +0100},
	journal = {Nature communications},
	number = {1},
	pages = {7169},
	publisher = {Nature Publishing Group UK London},
	title = {Large-scale spatiotemporal spike patterning consistent with wave propagation in motor cortex},
	volume = {6},
	year = {2015}}

@article{FerBol06,
	author = {Ferezou, Isabelle and Bolea, Sonia and Petersen, Carl CH},
	date-added = {2023-06-03 09:57:54 +0100},
	date-modified = {2023-06-03 09:58:05 +0100},
	journal = {Neuron},
	number = {4},
	pages = {617--629},
	publisher = {Elsevier},
	title = {Visualizing the cortical representation of whisker touch: voltage-sensitive dye imaging in freely moving mice},
	volume = {50},
	year = {2006}}

@article{PetHah03,
	author = {Petersen, Carl CH and Hahn, Thomas TG and Mehta, Mayank and Grinvald, Amiram and Sakmann, Bert},
	date-added = {2023-06-03 09:56:55 +0100},
	date-modified = {2023-06-03 09:57:03 +0100},
	journal = {Proceedings of the National Academy of Sciences},
	number = {23},
	pages = {13638--13643},
	publisher = {National Acad Sciences},
	title = {Interaction of sensory responses with spontaneous depolarization in layer 2/3 barrel cortex},
	volume = {100},
	year = {2003}}

@article{MulRey14,
	author = {Muller, Lyle and Reynaud, Alexandre and Chavane, Fr{\'e}d{\'e}ric and Destexhe, Alain},
	date-added = {2023-06-03 09:42:27 +0100},
	date-modified = {2023-06-03 09:42:39 +0100},
	journal = {Nature communications},
	number = {1},
	pages = {3675},
	publisher = {Nature Publishing Group UK London},
	title = {The stimulus-evoked population response in visual cortex of awake monkey is a propagating wave},
	volume = {5},
	year = {2014}}

@article{MulCha18,
	author = {Muller, Lyle and Chavane, Fr{\'e}d{\'e}ric and Reynolds, John and Sejnowski, Terrence J},
	date-added = {2023-06-02 17:00:21 +0100},
	date-modified = {2023-06-02 17:00:29 +0100},
	journal = {Nature Reviews Neuroscience},
	number = {5},
	pages = {255--268},
	publisher = {Nature Publishing Group UK London},
	title = {Cortical travelling waves: mechanisms and computational principles},
	volume = {19},
	year = {2018}}

@article{OhkChu05,
	author = {Ohki, Kenichi and Chung, Sooyoung and Ch'ng, Yeang H and Kara, Prakash and Reid, R Clay},
	date-added = {2023-06-02 16:09:06 +0100},
	date-modified = {2023-06-02 16:09:19 +0100},
	journal = {Nature},
	number = {7026},
	pages = {597--603},
	publisher = {Nature Publishing Group UK London},
	title = {Functional imaging with cellular resolution reveals precise micro-architecture in visual cortex},
	volume = {433},
	year = {2005}}

@article{SatNau12,
	author = {Sato, Tatsuo K and Nauhaus, Ian and Carandini, Matteo},
	date-added = {2023-06-02 16:04:09 +0100},
	date-modified = {2023-06-02 16:04:22 +0100},
	journal = {Neuron},
	number = {2},
	pages = {218--229},
	publisher = {Elsevier},
	title = {Traveling waves in visual cortex},
	volume = {75},
	year = {2012}}

@article{Erm98,
	author = {Ermentrout, Bard},
	date-added = {2023-06-02 12:54:45 +0100},
	date-modified = {2023-06-02 12:54:53 +0100},
	journal = {Reports on progress in physics},
	number = {4},
	pages = {353},
	publisher = {IOP Publishing},
	title = {Neural networks as spatio-temporal pattern-forming systems},
	volume = {61},
	year = {1998}}

@article{Coo05,
	date-added = {2023-06-02 12:51:35 +0100},
	date-modified = {2023-06-02 12:51:44 +0100},
	journal = {Biological cybernetics},
	pages = {91--108},
	publisher = {Springer},
	title = {Waves, bumps, and patterns in neural field theories},
	volume = {93},
	year = {2005}}

@article{Nun74,
	author = {Nunez, Paul L},
	date-added = {2023-05-27 16:27:04 +0200},
	date-modified = {2023-05-27 16:28:19 +0200},
	journal = {Mathematical Biosciences},
	number = {3-4},
	pages = {279--297},
	publisher = {Elsevier},
	title = {The brain wave equation: a model for the {EEG}},
	volume = {21},
	year = {1974}}

@article{ArcPar15,
	author = {Archer, Evan and Park, Il Memming and Buesing, Lars and Cunningham, John and Paninski, Liam},
	date-added = {2023-03-04 08:55:44 +0100},
	date-modified = {2023-03-04 08:55:53 +0100},
	journal = {arXiv preprint arXiv:1511.07367},
	title = {Black box variational inference for state space models},
	year = {2015}}

@article{LooStr22,
	author = {Loomba, Sahil and Straehle, Jakob and Gangadharan, Vijayan and Heike, Natalie and Khalifa, Abdelrahman and Motta, Alessandro and Ju, Niansheng and Sievers, Meike and Gempt, Jens and Meyer, Hanno S and others},
	date-added = {2023-01-05 09:03:04 +0100},
	date-modified = {2023-01-05 09:03:22 +0100},
	journal = {Science},
	number = {6602},
	pages = {eabo0924},
	publisher = {American Association for the Advancement of Science},
	title = {Connectomic comparison of mouse and human cortex},
	volume = {377},
	year = {2022}}

@techreport{Sch22thesis,
	author = {Schmutz, Valentin},
	date-added = {2023-01-03 08:15:53 +0100},
	date-modified = {2023-01-03 08:18:42 +0100},
	institution = {EPFL},
	title = {Taming neuronal noise with large networks},
	type = {Thesis},
	year = {2022}}

@article{DemMan21,
	author = {Demas, Jeffrey and Manley, Jason and Tejera, Frank and Barber, Kevin and Kim, Hyewon and Traub, Francisca Mart{\'\i}nez and Chen, Brandon and Vaziri, Alipasha},
	date-added = {2023-01-02 18:03:36 +0100},
	date-modified = {2023-01-02 18:03:44 +0100},
	journal = {Nature methods},
	number = {9},
	pages = {1103--1111},
	publisher = {Nature Publishing Group},
	title = {High-speed, cortex-wide volumetric recording of neuroactivity at cellular resolution using light beads microscopy},
	volume = {18},
	year = {2021}}

@article{SteAyd21,
	author = {Steinmetz, Nicholas A and Aydin, Cagatay and Lebedeva, Anna and Okun, Michael and Pachitariu, Marius and Bauza, Marius and Beau, Maxime and Bhagat, Jai and B{\"o}hm, Claudia and Broux, Martijn and others},
	date-added = {2023-01-02 18:02:50 +0100},
	date-modified = {2023-01-02 18:03:00 +0100},
	journal = {Science},
	number = {6539},
	pages = {eabf4588},
	publisher = {American Association for the Advancement of Science},
	title = {Neuropixels 2.0: A miniaturized high-density probe for stable, long-term brain recordings},
	volume = {372},
	year = {2021}}

@article{JunSte17,
	author = {Jun, James J and Steinmetz, Nicholas A and Siegle, Joshua H and Denman, Daniel J and Bauza, Marius and Barbarits, Brian and Lee, Albert K and Anastassiou, Costas A and Andrei, Alexandru and Ayd{\i}n, {\c{C}}a{\u{g}}atay and others},
	date-added = {2023-01-02 18:02:12 +0100},
	date-modified = {2023-01-02 18:02:21 +0100},
	journal = {Nature},
	number = {7679},
	pages = {232--236},
	publisher = {Nature Publishing Group},
	title = {Fully integrated silicon probes for high-density recording of neural activity},
	volume = {551},
	year = {2017}}

@inproceedings{LinJoh17,
	author = {Linderman, Scott and Johnson, Matthew and Miller, Andrew and Adams, Ryan and Blei, David and Paninski, Liam},
	booktitle = {Artificial Intelligence and Statistics},
	date-added = {2022-12-08 10:53:02 +0100},
	date-modified = {2022-12-08 10:53:15 +0100},
	organization = {PMLR},
	pages = {914--922},
	title = {Bayesian learning and inference in recurrent switching linear dynamical systems},
	year = {2017}}

@article{KunLov19,
	author = {Kunszenti-Kov{\'a}cs, D{\'a}vid and Lov{\'a}sz, L{\'a}szl{\'o} and Szegedy, Bal{\'a}zs},
	date-added = {2022-12-07 17:07:03 +0100},
	date-modified = {2022-12-07 17:07:16 +0100},
	journal = {Journal of Combinatorial Theory, Series B},
	pages = {1--40},
	publisher = {Elsevier},
	title = {Measures on the square as sparse graph limits},
	volume = {138},
	year = {2019}}

@article{CreFay19,
	author = {Crevat, Joachim and Faye, Gr{\'e}gory and Filbet, Francis},
	date-added = {2022-12-07 13:40:39 +0100},
	date-modified = {2022-12-07 13:40:48 +0100},
	journal = {SIAM Journal on Mathematical Analysis},
	number = {1},
	pages = {346--373},
	publisher = {SIAM},
	title = {Rigorous Derivation of the Nonlocal Reaction-Diffusion Fitzhugh--Nagumo System},
	volume = {51},
	year = {2019}}

@article{MisQui16,
	author = {Mischler, St{\'e}phane and Quininao, Crist{\'o}bal and Touboul, Jonathan},
	date-added = {2022-12-07 13:40:05 +0100},
	date-modified = {2022-12-07 13:40:15 +0100},
	journal = {Communications in mathematical physics},
	number = {3},
	pages = {1001--1042},
	publisher = {Springer},
	title = {On a kinetic Fitzhugh--Nagumo model of neuronal network},
	volume = {342},
	year = {2016}}

@article{MesGau18,
	author = {Meshulam, Leenoy and Gauthier, Jeffrey L and Brody, Carlos D and Tank, David W and Bialek, William},
	date-added = {2022-12-07 09:15:49 +0100},
	date-modified = {2022-12-07 09:16:00 +0100},
	journal = {arXiv preprint arXiv:1812.11904},
	title = {Coarse--graining and hints of scaling in a population of 1000+ neurons},
	year = {2018}}

@article{MesGau19,
	author = {Meshulam, Leenoy and Gauthier, Jeffrey L and Brody, Carlos D and Tank, David W and Bialek, William},
	date-added = {2022-12-07 09:15:11 +0100},
	date-modified = {2022-12-07 09:15:20 +0100},
	journal = {Physical review letters},
	number = {17},
	pages = {178103},
	publisher = {APS},
	title = {Coarse graining, fixed points, and scaling in a large population of neurons},
	volume = {123},
	year = {2019}}

@article{BenBar95,
	author = {Ben-Yishai, Rani and Bar-Or, R Lev and Sompolinsky, Haim},
	date-added = {2022-12-07 08:43:38 +0100},
	date-modified = {2022-12-07 08:44:00 +0100},
	journal = {Proceedings of the National Academy of Sciences},
	number = {9},
	pages = {3844--3848},
	publisher = {National Acad Sciences},
	title = {Theory of orientation tuning in visual cortex.},
	volume = {92},
	year = {1995}}

@article{Cre19,
	author = {Crevat, Joachim},
	date-added = {2022-12-06 21:03:15 +0100},
	date-modified = {2022-12-06 21:03:25 +0100},
	journal = {Kinetic \& Related Models},
	number = {6},
	pages = {1329},
	publisher = {American Institute of Mathematical Sciences},
	title = {Mean-field limit of a spatially-extended FitzHugh-Nagumo neural network},
	volume = {12},
	year = {2019}}

@article{Aga22,
	author = {Agathe-Nerine, Zo{\'e}},
	date-added = {2022-12-06 20:11:05 +0100},
	date-modified = {2022-12-06 20:11:10 +0100},
	journal = {Stochastic Processes and their Applications},
	pages = {86--148},
	publisher = {Elsevier},
	title = {Multivariate Hawkes processes on inhomogeneous random graphs},
	volume = {152},
	year = {2022}}

@article{DelHof22,
	author = {Della Maestra, Laetitia and Hoffmann, Marc},
	date-added = {2022-12-06 13:58:30 +0100},
	date-modified = {2022-12-06 13:58:41 +0100},
	journal = {Probability Theory and Related Fields},
	number = {1},
	pages = {551--613},
	publisher = {Springer},
	title = {Nonparametric estimation for interacting particle systems: McKean--Vlasov models},
	volume = {182},
	year = {2022}}

@article{PanOsh18,
	author = {Pandarinath, Chethan and O'Shea, Daniel J and Collins, Jasmine and Jozefowicz, Rafal and Stavisky, Sergey D and Kao, Jonathan C and Trautmann, Eric M and Kaufman, Matthew T and Ryu, Stephen I and Hochberg, Leigh R and others},
	date-added = {2022-12-01 12:11:32 +0100},
	date-modified = {2022-12-01 12:11:44 +0100},
	journal = {Nature methods},
	number = {10},
	pages = {805--815},
	publisher = {Nature Publishing Group},
	title = {Inferring single-trial neural population dynamics using sequential auto-encoders},
	volume = {15},
	year = {2018}}

@article{GaoGan15,
	author = {Gao, Peiran and Ganguli, Surya},
	date-added = {2022-12-01 11:46:55 +0100},
	date-modified = {2022-12-01 11:47:06 +0100},
	journal = {Current opinion in neurobiology},
	pages = {148--155},
	publisher = {Elsevier},
	title = {On simplicity and complexity in the brave new world of large-scale neuroscience},
	volume = {32},
	year = {2015}}

@article{StrPac19,
	author = {Stringer, Carsen and Pachitariu, Marius and Steinmetz, Nicholas and Carandini, Matteo and Harris, Kenneth D},
	date-added = {2022-12-01 11:41:30 +0100},
	date-modified = {2022-12-01 11:41:39 +0100},
	journal = {Nature},
	number = {7765},
	pages = {361--365},
	publisher = {Nature Publishing Group},
	title = {High-dimensional geometry of population responses in visual cortex},
	volume = {571},
	year = {2019}}

@article{Bre11,
	author = {Bressloff, Paul C},
	date-added = {2022-12-01 11:11:39 +0100},
	date-modified = {2022-12-01 11:11:45 +0100},
	journal = {Journal of Physics A: Mathematical and Theoretical},
	number = {3},
	pages = {033001},
	publisher = {IOP Publishing},
	title = {Spatiotemporal dynamics of continuum neural fields},
	volume = {45},
	year = {2011}}

@article{GaoLu15,
	author = {Gao, Chao and Lu, Yu and Zhou, Harrison H},
	date-added = {2022-12-01 08:31:58 +0100},
	date-modified = {2022-12-01 08:32:06 +0100},
	journal = {The Annals of Statistics},
	number = {6},
	pages = {2624--2652},
	publisher = {Institute of Mathematical Statistics},
	title = {Rate-optimal graphon estimation},
	volume = {43},
	year = {2015}}

@article{GaoMa21,
	author = {Gao, Chao and Ma, Zongming},
	date-added = {2022-12-01 08:30:45 +0100},
	date-modified = {2022-12-01 08:30:53 +0100},
	journal = {Statistical Science},
	number = {1},
	pages = {16--33},
	publisher = {Institute of Mathematical Statistics},
	title = {Minimax rates in network analysis: Graphon estimation, community detection and hypothesis testing},
	volume = {36},
	year = {2021}}

@article{OlhWol14,
	author = {Olhede, Sofia C and Wolfe, Patrick J},
	date-added = {2022-12-01 08:29:06 +0100},
	date-modified = {2022-12-01 08:29:54 +0100},
	journal = {Proceedings of the National Academy of Sciences},
	number = {41},
	pages = {14722--14727},
	publisher = {National Acad Sciences},
	title = {Network histograms and universality of blockmodel approximation},
	volume = {111},
	year = {2014}}

@article{UraDoi22,
	author = {Urai, Anne E and Doiron, Brent and Leifer, Andrew M and Churchland, Anne K},
	date-added = {2022-11-30 16:15:36 +0100},
	date-modified = {2022-11-30 16:15:47 +0100},
	journal = {Nature neuroscience},
	number = {1},
	pages = {11--19},
	publisher = {Nature Publishing Group},
	title = {Large-scale neural recordings call for new insights to link brain and behavior},
	volume = {25},
	year = {2022}}

@article{BorCha19,
	author = {Borgs, Christian and Chayes, Jennifer and Cohn, Henry and Zhao, Yufei},
	date-added = {2022-11-30 14:54:24 +0100},
	date-modified = {2022-12-01 08:35:11 +0100},
	journal = {Transactions of the American Mathematical Society},
	number = {5},
	pages = {3019--3062},
	title = {An ${L}^p$ theory of sparse graph convergence I: Limits, sparse random graph models, and power law distributions},
	volume = {372},
	year = {2019}}

@article{BorCha18,
	author = {Borgs, Christian and Chayes, Jennifer T and Cohn, Henry and Zhao, Yufei},
	date-added = {2022-11-30 14:52:16 +0100},
	date-modified = {2022-12-01 08:35:25 +0100},
	journal = {The Annals of Probability},
	number = {1},
	pages = {337--396},
	publisher = {Institute of Mathematical Statistics},
	title = {An ${L}^p$theory of sparse graph convergence II: LD convergence, quotients and right convergence},
	volume = {46},
	year = {2018}}

@article{PauTre22,
	author = {Paul, Thierry and Tr{\'e}lat, Emmanuel},
	date-added = {2022-11-30 13:15:39 +0100},
	date-modified = {2022-11-30 13:15:45 +0100},
	journal = {arXiv preprint arXiv:2209.08832},
	title = {From microscopic to macroscopic scale equations: mean field, hydrodynamic and graph limits},
	year = {2022}}

@article{OliRei19,
	author = {Oliveira, Roberto I and Reis, Guilherme H},
	date-added = {2022-11-30 13:12:23 +0100},
	date-modified = {2022-11-30 13:12:33 +0100},
	journal = {Journal of Statistical Physics},
	number = {5},
	pages = {1057--1087},
	publisher = {Springer},
	title = {Interacting diffusions on random graphs with diverging average degrees: Hydrodynamics and large deviations},
	volume = {176},
	year = {2019}}

@article{MehSch20,
	author = {Mehri, Sima and Scheutzow, Michael and Stannat, Wilhelm and Zangeneh, Bian Z},
	date-added = {2022-11-30 13:11:24 +0100},
	date-modified = {2022-11-30 13:11:32 +0100},
	journal = {The Annals of Applied Probability},
	number = {1},
	pages = {175--207},
	publisher = {Institute of Mathematical Statistics},
	title = {Propagation of chaos for stochastic spatially structured neuronal networks with delay driven by jump diffusions},
	volume = {30},
	year = {2020}}

@article{GkoKue22,
	author = {Gkogkas, Marios Antonios and Kuehn, Christian},
	date-added = {2022-11-30 13:10:31 +0100},
	date-modified = {2022-11-30 13:10:42 +0100},
	journal = {SIAM Journal on Applied Dynamical Systems},
	number = {1},
	pages = {248--283},
	publisher = {SIAM},
	title = {Graphop mean-field limits for Kuramoto-type models},
	volume = {21},
	year = {2022}}

@article{KalMed18,
	author = {Kaliuzhnyi-Verbovetskyi, Dmitry and Medvedev, Georgi S},
	date-added = {2022-11-30 13:08:48 +0100},
	date-modified = {2022-11-30 13:09:18 +0100},
	journal = {SIAM Journal on Mathematical Analysis},
	number = {3},
	pages = {2441--2465},
	publisher = {SIAM},
	title = {The mean field equation for the Kuramoto model on graph sequences with non-Lipschitz limit},
	volume = {50},
	year = {2018}}

@article{Luc20,
	author = {Lu{\c{c}}on, Eric},
	date-added = {2022-11-30 12:55:32 +0100},
	date-modified = {2022-11-30 12:55:37 +0100},
	journal = {Stochastic Processes and their Applications},
	number = {11},
	pages = {6783--6842},
	publisher = {Elsevier},
	title = {Quenched asymptotics for interacting diffusions on inhomogeneous random graphs},
	volume = {130},
	year = {2020}}

@article{Med14b,
	author = {Medvedev, Georgi S},
	date-added = {2022-11-30 12:55:02 +0100},
	date-modified = {2022-11-30 12:55:13 +0100},
	journal = {SIAM Journal on Mathematical Analysis},
	number = {4},
	pages = {2743--2766},
	publisher = {SIAM},
	title = {The nonlinear heat equation on dense graphs and graph limits},
	volume = {46},
	year = {2014}}

@article{Med14,
	author = {Medvedev, Georgi S},
	date-added = {2022-11-30 12:54:28 +0100},
	date-modified = {2022-11-30 12:54:36 +0100},
	journal = {Archive for Rational Mechanics and Analysis},
	number = {3},
	pages = {781--803},
	publisher = {Springer},
	title = {The nonlinear heat equation on W-random graphs},
	volume = {212},
	year = {2014}}

@article{Tao06,
	author = {Tao, Terence},
	date-added = {2022-11-30 10:37:39 +0100},
	date-modified = {2022-11-30 10:40:52 +0100},
	journal = {Contributions to Discrete Mathematics},
	number = {1},
	title = {Szemer{\'e}di's regularity lemma revisited},
	volume = {1},
	year = {2006}}

@article{LovSze07,
	author = {Lov{\'a}sz, L{\'a}szl{\'o} and Szegedy, Bal{\'a}zs},
	date-added = {2022-11-30 10:36:39 +0100},
	date-modified = {2022-11-30 10:36:47 +0100},
	journal = {GAFA Geometric And Functional Analysis},
	number = {1},
	pages = {252--270},
	publisher = {Springer},
	title = {Szemer{\'e}di's lemma for the analyst},
	volume = {17},
	year = {2007}}

@inproceedings{Sze78,
	author = {Szemer{\'e}di, E},
	booktitle = {Colloq. Internat. CNRS},
	date-added = {2022-11-30 10:32:34 +0100},
	date-modified = {2022-11-30 10:32:41 +0100},
	title = {Regular partitions of graphs, in ``Problemes Combinatoires et Th{\'e}orie des Graphes (Colloq. Internat. CNRS, Univ. Orsay, Orsay, 1976)'', 399--401},
	volume = {260},
	year = {1978}}

@article{Sze75,
	author = {Szemer{\'e}di, Endre},
	date-added = {2022-11-30 10:28:05 +0100},
	date-modified = {2022-11-30 10:28:13 +0100},
	journal = {Acta Arith},
	number = {299-345},
	pages = {21},
	publisher = {Citeseer},
	title = {On sets of integers containing no k elements in arithmetic progression},
	volume = {27},
	year = {1975}}

@article{BorCha12,
	author = {Borgs, Christian and Chayes, Jennifer T and Lov{\'a}sz, L{\'a}szl{\'o} and S{\'o}s, Vera T and Vesztergombi, Katalin},
	date-added = {2022-11-30 10:21:38 +0100},
	date-modified = {2022-11-30 10:21:46 +0100},
	journal = {Annals of Mathematics},
	pages = {151--219},
	publisher = {JSTOR},
	title = {Convergent sequences of dense graphs II. Multiway cuts and statistical physics},
	year = {2012}}

@article{BorCha08,
	author = {Borgs, Christian and Chayes, Jennifer T and Lov{\'a}sz, L{\'a}szl{\'o} and S{\'o}s, Vera T and Vesztergombi, Katalin},
	date-added = {2022-11-30 10:20:38 +0100},
	date-modified = {2022-11-30 10:20:46 +0100},
	journal = {Advances in Mathematics},
	number = {6},
	pages = {1801--1851},
	publisher = {Elsevier},
	title = {Convergent sequences of dense graphs I: Subgraph frequencies, metric properties and testing},
	volume = {219},
	year = {2008}}

@article{LovSze06,
	author = {Lov{\'a}sz, L{\'a}szl{\'o} and Szegedy, Bal{\'a}zs},
	date-added = {2022-11-30 10:16:36 +0100},
	date-modified = {2022-11-30 10:16:48 +0100},
	journal = {Journal of Combinatorial Theory, Series B},
	number = {6},
	pages = {933--957},
	publisher = {Elsevier},
	title = {Limits of dense graph sequences},
	volume = {96},
	year = {2006}}

@book{Lov12,
	author = {Lov{\'a}sz, L{\'a}szl{\'o}},
	date-added = {2022-11-30 09:37:55 +0100},
	date-modified = {2022-11-30 09:38:15 +0100},
	publisher = {American Mathematical Soc.},
	title = {Large networks and graph limits},
	volume = {60},
	year = {2012}}

@article{BasSpo17,
	author = {Bassett, Danielle S and Sporns, Olaf},
	date-added = {2022-11-30 09:28:08 +0100},
	date-modified = {2022-11-30 09:28:18 +0100},
	journal = {Nature neuroscience},
	number = {3},
	pages = {353--364},
	publisher = {Nature Publishing Group},
	title = {Network neuroscience},
	volume = {20},
	year = {2017}}

@article{BulSpo09,
	author = {Bullmore, Ed and Sporns, Olaf},
	date-added = {2022-11-30 09:27:01 +0100},
	date-modified = {2022-11-30 09:27:10 +0100},
	journal = {Nature reviews neuroscience},
	number = {3},
	pages = {186--198},
	publisher = {Nature Publishing Group},
	title = {Complex brain networks: graph theoretical analysis of structural and functional systems},
	volume = {10},
	year = {2009}}

@article{BugDuf22,
	author = {Bugeon, Stephane and Ritoux, Anne and Prankerd, Isabelle and Nikoloutsopoulos, Dimitrios and Shinn, Maxwell and Peng, Han and Forrest, Hamish and Viduolyte, Aiste and Bai Reddy, Charu and Isogai, Yoh and others},
	date-added = {2022-11-30 08:08:46 +0100},
	date-modified = {2022-11-30 08:08:54 +0100},
	journal = {Nature},
	publisher = {Nature Publishing Group},
	title = {A transcriptomic axis predicts state modulation of cortical interneurons},
	year = {2022}}

@article{MotBer19,
	author = {Motta, Alessandro and Berning, Manuel and Boergens, Kevin M and Staffler, Benedikt and Beining, Marcel and Loomba, Sahil and Hennig, Philipp and Wissler, Heiko and Helmstaedter, Moritz},
	date-added = {2022-11-29 20:44:37 +0100},
	date-modified = {2022-11-29 20:44:45 +0100},
	journal = {Science},
	number = {6469},
	pages = {eaay3134},
	publisher = {American Association for the Advancement of Science},
	title = {Dense connectomic reconstruction in layer 4 of the somatosensory cortex},
	volume = {366},
	year = {2019}}

@article{HubWie62,
	author = {Hubel, David H and Wiesel, Torsten N},
	date-added = {2022-11-29 14:55:14 +0100},
	date-modified = {2022-11-29 14:55:25 +0100},
	journal = {The Journal of physiology},
	number = {1},
	pages = {106},
	publisher = {Wiley-Blackwell},
	title = {Receptive fields, binocular interaction and functional architecture in the cat's visual cortex},
	volume = {160},
	year = {1962}}

@article{Mou57,
	author = {Mountcastle, Vernon B},
	date-added = {2022-11-29 14:49:49 +0100},
	date-modified = {2022-11-29 14:50:02 +0100},
	journal = {Journal of neurophysiology},
	number = {4},
	pages = {408--434},
	title = {Modality and topographic properties of single neurons of cat's somatic sensory cortex},
	volume = {20},
	year = {1957}}

@article{RusSav20,
	author = {Rusakov, Dmitri A and Savtchenko, Leonid P and Latham, Peter E},
	date-added = {2022-10-12 10:25:58 +0200},
	date-modified = {2022-10-12 10:25:58 +0200},
	journal = {Trends in Neurosciences},
	number = {6},
	pages = {363--372},
	publisher = {Elsevier},
	title = {Noisy synaptic conductance: Bug or a feature?},
	volume = {43},
	year = {2020}}

@article{PoiPap20,
	author = {Poirazi, Panayiota and Papoutsi, Athanasia},
	date-added = {2022-10-12 10:25:45 +0200},
	date-modified = {2022-10-12 10:25:45 +0200},
	journal = {Nature Reviews Neuroscience},
	number = {6},
	pages = {303--321},
	publisher = {Nature Publishing Group},
	title = {Illuminating dendritic function with computational models},
	volume = {21},
	year = {2020}}

@article{LonHau05,
	author = {London, Michael and H{\"a}usser, Michael},
	date-added = {2022-10-12 10:25:36 +0200},
	date-modified = {2022-10-12 10:25:36 +0200},
	journal = {Annu. Rev. Neurosci.},
	pages = {503--532},
	publisher = {Annual Reviews},
	title = {Dendritic computation},
	volume = {28},
	year = {2005}}

@article{RusDal22,
	author = {Russell, Lloyd E and Dalgleish, Henry WP and Nutbrown, Rebecca and Gauld, Oliver M and Herrmann, Dustin and Fi{\c{s}}ek, Mehmet and Packer, Adam M and H{\"a}usser, Michael},
	date-added = {2022-10-12 10:25:24 +0200},
	date-modified = {2022-10-12 10:25:24 +0200},
	journal = {Nature Protocols},
	pages = {1--42},
	publisher = {Nature Publishing Group},
	title = {All-optical interrogation of neural circuits in behaving mice},
	year = {2022}}

@article{AdeAbd21,
	author = {Adesnik, Hillel and Abdeladim, Lamiae},
	date-added = {2022-10-12 10:25:13 +0200},
	date-modified = {2022-10-12 10:25:13 +0200},
	journal = {Nature Neuroscience},
	number = {10},
	pages = {1356--1366},
	publisher = {Nature Publishing Group},
	title = {Probing neural codes with two-photon holographic optogenetics},
	volume = {24},
	year = {2021}}

@article{YanCar18,
	author = {Yang, Weijian and Carrillo-Reid, Luis and Bando, Yuki and Peterka, Darcy S and Yuste, Rafael},
	date-added = {2022-10-12 10:25:02 +0200},
	date-modified = {2022-10-12 10:25:02 +0200},
	journal = {elife},
	pages = {e32671},
	publisher = {eLife Sciences Publications Limited},
	title = {Simultaneous two-photon imaging and two-photon optogenetics of cortical circuits in three dimensions},
	volume = {7},
	year = {2018}}

@article{BreSch04,
	author = {Brecht, Michael and Schneider, Miriam and Sakmann, Bert and Margrie, Troy W},
	date-added = {2022-10-12 10:24:49 +0200},
	date-modified = {2022-10-12 10:24:49 +0200},
	journal = {Nature},
	number = {6976},
	pages = {704--710},
	publisher = {Nature Publishing Group},
	title = {Whisker movements evoked by stimulation of single pyramidal cells in rat motor cortex},
	volume = {427},
	year = {2004}}

@article{LiPoo09,
	author = {Li, Cheng-yu T and Poo, Mu-ming and Dan, Yang},
	date-added = {2022-10-12 10:24:37 +0200},
	date-modified = {2022-10-12 10:24:37 +0200},
	journal = {Science},
	number = {5927},
	pages = {643--646},
	publisher = {American Association for the Advancement of Science},
	title = {Burst spiking of a single cortical neuron modifies global brain state},
	volume = {324},
	year = {2009}}

@article{JouKre18,
	author = {Jouhanneau, Jean-S{\'e}bastien and Kremkow, Jens and Poulet, James FA},
	date-added = {2022-10-12 10:24:27 +0200},
	date-modified = {2022-10-12 10:24:27 +0200},
	journal = {Nature Communications},
	number = {1},
	pages = {1--11},
	publisher = {Nature Publishing Group},
	title = {Single synaptic inputs drive high-precision action potentials in parvalbumin expressing GABA-ergic cortical neurons in vivo},
	volume = {9},
	year = {2018}}

@book{BovPic12,
	author = {Bovier, Anton and Picco, Pierre},
	date-added = {2022-10-12 10:23:57 +0200},
	date-modified = {2022-10-12 10:23:57 +0200},
	publisher = {Springer Science \& Business Media},
	title = {Mathematical aspects of spin glasses and neural networks},
	volume = {41},
	year = {2012}}

@article{Gui97,
	author = {Guionnet, Alice},
	date-added = {2022-10-12 10:23:46 +0200},
	date-modified = {2022-10-12 10:23:46 +0200},
	journal = {Probability Theory and Related Fields},
	number = {2},
	pages = {183--215},
	publisher = {Springer},
	title = {Averaged and quenched propagation of chaos for spin glass dynamics},
	volume = {109},
	year = {1997}}

@article{AroGui97,
	author = {Arous, G Ben and Guionnet, Alice},
	date-added = {2022-10-12 10:23:32 +0200},
	date-modified = {2022-10-12 10:23:32 +0200},
	journal = {The Annals of Probability},
	number = {3},
	pages = {1367--1422},
	publisher = {Institute of Mathematical Statistics},
	title = {Symmetric Langevin spin glass dynamics},
	volume = {25},
	year = {1997}}

@article{AroGui95,
	author = {Arous, G Ben and Guionnet, Alice},
	date-added = {2022-10-12 10:23:28 +0200},
	date-modified = {2022-10-12 10:23:28 +0200},
	journal = {Probability Theory and Related Fields},
	number = {4},
	pages = {455--509},
	publisher = {Springer},
	title = {Large deviations for Langevin spin glass dynamics},
	volume = {102},
	year = {1995}}

@inproceedings{KimLuo21,
	author = {Kim, Timothy D and Luo, Thomas Z and Pillow, Jonathan W and Brody, Carlos},
	booktitle = {International Conference on Machine Learning},
	date-added = {2022-10-12 10:23:12 +0200},
	date-modified = {2022-10-12 10:23:12 +0200},
	organization = {PMLR},
	pages = {5551--5561},
	title = {Inferring Latent Dynamics Underlying Neural Population Activity via Neural Differential Equations},
	year = {2021}}

@inproceedings{DunBoh19,
	author = {Duncker, Lea and Bohner, Gergo and Boussard, Julien and Sahani, Maneesh},
	booktitle = {International Conference on Machine Learning},
	date-added = {2022-10-12 10:22:58 +0200},
	date-modified = {2022-10-12 10:22:58 +0200},
	organization = {PMLR},
	pages = {1726--1734},
	title = {Learning interpretable continuous-time models of latent stochastic dynamical systems},
	year = {2019}}

@article{DelIng15,
	author = {Delarue, Fran{\c{c}}ois and Inglis, James and Rubenthaler, Sylvain and Tanr\'{e}, Etienne},
	date-added = {2022-10-12 08:05:53 +0200},
	date-modified = {2022-10-12 08:07:01 +0200},
	journal = {The Annals of Applied Probability},
	number = {4},
	pages = {2096--2133},
	publisher = {Institute of Mathematical Statistics},
	title = {Global solvability of a networked integrate-and-fire model of McKean--Vlasov type},
	volume = {25},
	year = {2015}}

@article{AihMat84,
	author = {Aihara, Kazuyuki and Matsumoto, Gen and Ikegaya, Yuhji},
	date-added = {2022-10-12 07:59:50 +0200},
	date-modified = {2022-10-12 07:59:50 +0200},
	journal = {Journal of theoretical biology},
	number = {2},
	pages = {249--269},
	publisher = {Elsevier},
	title = {Periodic and non-periodic responses of a periodically forced Hodgkin-Huxley oscillator},
	volume = {109},
	year = {1984}}

@article{StrPac19b,
	author = {Stringer, Carsen and Pachitariu, Marius and Steinmetz, Nicholas and Reddy, Charu Bai and Carandini, Matteo and Harris, Kenneth D},
	date-added = {2022-10-11 23:58:53 +0200},
	date-modified = {2022-10-11 23:58:53 +0200},
	journal = {Science},
	number = {6437},
	pages = {eaav7893},
	publisher = {American Association for the Advancement of Science},
	title = {Spontaneous behaviors drive multidimensional, brainwide activity},
	volume = {364},
	year = {2019}}

@article{Tal96,
	author = {Talagrand, Michel},
	date-added = {2022-10-11 18:07:52 +0200},
	date-modified = {2022-10-11 18:07:52 +0200},
	journal = {The Annals of probability},
	pages = {1--34},
	publisher = {JSTOR},
	title = {A new look at independence},
	year = {1996}}

@article{CanMis21,
	author = {Ca{\~n}izo, Jos{\'e} A and Mischler, St\'{e}phane},
	date-added = {2022-10-09 12:26:00 +0200},
	date-modified = {2022-10-12 08:10:26 +0200},
	journal = {arXiv preprint arXiv:2110.09650},
	title = {Harris-type results on geometric and subgeometric convergence to equilibrium for stochastic semigroups},
	year = {2021}}

@techreport{Tuc88,
	author = {Tuckwell, Henry C},
	date-added = {2022-10-04 08:15:47 +0200},
	date-modified = {2022-10-04 08:15:55 +0200},
	title = {Introduction to theoretical neurobiology: nonlinear and stochastic theories},
	year = {1988}}

@article{CarPer15,
	author = {Carrillo, Jos{\'e} Antonio and Perthame, Beno\^{i}t and Salort, Delphine and Smets, Didier},
	date-added = {2022-10-03 19:05:30 +0200},
	date-modified = {2022-10-12 08:02:03 +0200},
	journal = {Nonlinearity},
	number = {9},
	pages = {3365},
	publisher = {IOP Publishing},
	title = {Qualitative properties of solutions for the noisy integrate and fire model in computational neuroscience},
	volume = {28},
	year = {2015}}

@article{CacPer14,
	author = {Caceres, Maria J and Perthame, Beno\^{i}t},
	date-added = {2022-10-03 19:04:09 +0200},
	date-modified = {2022-10-12 08:01:45 +0200},
	journal = {Journal of theoretical biology},
	pages = {81--89},
	publisher = {Elsevier},
	title = {Beyond blow-up in excitatory integrate and fire neuronal networks: refractory period and spontaneous activity},
	volume = {350},
	year = {2014}}

@article{CarGon13,
	author = {Carrillo, Jos{\'e} A and Gonz{\'a}lez, Mar{\'\i}a d M and Gualdani, Maria P and Schonbek, Maria E},
	date-added = {2022-10-03 19:02:30 +0200},
	date-modified = {2022-10-03 19:02:38 +0200},
	journal = {Communications in Partial Differential Equations},
	number = {3},
	pages = {385--409},
	publisher = {Taylor \& Francis},
	title = {Classical solutions for a nonlinear Fokker-Planck equation arising in computational neuroscience},
	volume = {38},
	year = {2013}}

@article{CacCar11,
	author = {C{\'a}ceres, Mar{\'\i}a J and Carrillo, Jos{\'e} A and Perthame, Beno\^{i}t},
	date-added = {2022-10-03 19:01:14 +0200},
	date-modified = {2022-10-12 08:01:37 +0200},
	journal = {The Journal of Mathematical Neuroscience},
	number = {1},
	pages = {1--33},
	publisher = {SpringerOpen},
	title = {Analysis of nonlinear noisy integrate \& fire neuron models: blow-up and steady states},
	volume = {1},
	year = {2011}}

@article{IngTal15,
	author = {Inglis, James and Talay, Denis},
	date-added = {2022-10-03 18:59:24 +0200},
	date-modified = {2022-10-03 18:59:30 +0200},
	journal = {SIAM Journal on Mathematical Analysis},
	number = {5},
	pages = {3884--3916},
	publisher = {SIAM},
	title = {Mean-field limit of a stochastic particle system smoothly interacting through threshold hitting-times and applications to neural networks with dendritic component},
	volume = {47},
	year = {2015}}

@article{DelFra15,
	author = {Delarue, Fran{\c{c}}ois and Inglis, James and Rubenthaler, Sylvain and Tanr\'{e}, Etienne},
	date-added = {2022-10-03 18:57:20 +0200},
	date-modified = {2022-10-12 08:07:26 +0200},
	journal = {Stochastic Processes and their Applications},
	number = {6},
	pages = {2451--2492},
	publisher = {Elsevier},
	title = {Particle systems with a singular mean-field self-excitation. Application to neuronal networks},
	volume = {125},
	year = {2015}}

@article{OstBru09,
	author = {Ostojic, Srdjan and Brunel, Nicolas and Hakim, Vincent},
	date-added = {2022-10-03 18:52:59 +0200},
	date-modified = {2022-10-03 18:53:10 +0200},
	journal = {Journal of computational neuroscience},
	number = {3},
	pages = {369--392},
	publisher = {Springer},
	title = {Synchronization properties of networks of electrically coupled neurons in the presence of noise and heterogeneities},
	volume = {26},
	year = {2009}}

@phdthesis{Cor21,
	author = {Cormier, Quentin},
	date-added = {2022-10-03 10:57:21 +0200},
	date-modified = {2022-10-03 10:57:26 +0200},
	school = {Universit{\'e} C{\^o}te d'Azur},
	title = {Long time behavior of a mean-field model of interacting spiking neurons},
	year = {2021}}

@article{Loe22,
	author = {L{\"o}cherbach, Eva},
	date-added = {2022-10-03 10:39:11 +0200},
	date-modified = {2022-10-03 10:39:16 +0200},
	journal = {arXiv preprint arXiv:2201.09255},
	title = {Fluctuations for mean field limits of interacting systems of spiking neurons},
	year = {2022}}

@article{CheOst20,
	author = {Chevallier, Julien and Ost, Guilherme},
	date-added = {2022-10-03 09:33:40 +0200},
	date-modified = {2022-10-03 09:33:50 +0200},
	journal = {Stochastic Processes and their Applications},
	number = {9},
	pages = {5510--5542},
	publisher = {Elsevier},
	title = {Fluctuations for spatially extended Hawkes processes},
	volume = {130},
	year = {2020}}

@article{DumPer22,
	author = {Dumont, Gr{\'e}gory and P{\'e}rez-Cervera, Alberto and Gutkin, Boris},
	date-added = {2022-10-03 09:01:18 +0200},
	date-modified = {2022-10-03 09:01:26 +0200},
	journal = {PLoS computational biology},
	number = {8},
	pages = {e1010363},
	publisher = {Public Library of Science San Francisco, CA USA},
	title = {A framework for macroscopic phase-resetting curves for generalised spiking neural networks},
	volume = {18},
	year = {2022}}

@article{TorPer22,
	author = {Torres, Nicol\'{a}s and Perthame, Beno\^{i}t and Salort, Delphine},
	date-added = {2022-10-03 08:56:55 +0200},
	date-modified = {2022-10-12 08:13:24 +0200},
	journal = {Nonlinearity},
	number = {10},
	pages = {5051},
	publisher = {IOP Publishing},
	title = {A multiple time renewal equation for neural assemblies with elapsed time model},
	volume = {35},
	year = {2022}}

@article{Coo10,
	author = {Coombes, Stephen},
	date-added = {2022-10-02 17:40:44 +0200},
	date-modified = {2022-10-02 17:40:55 +0200},
	journal = {NeuroImage},
	number = {3},
	pages = {731--739},
	publisher = {Elsevier},
	title = {Large-scale neural dynamics: simple and complex},
	volume = {52},
	year = {2010}}

@book{DemPre06,
	author = {DeMasi, Anna and Presutti, Errico},
	date-added = {2022-10-02 15:53:27 +0200},
	date-modified = {2022-10-02 15:53:42 +0200},
	publisher = {Springer},
	title = {Mathematical methods for hydrodynamic limits},
	year = {2006}}

@article{Kni72b,
	author = {Knight, Bruce W},
	date-added = {2022-10-02 11:45:48 +0200},
	date-modified = {2022-10-02 11:45:55 +0200},
	journal = {The Journal of general physiology},
	number = {6},
	pages = {767--778},
	publisher = {Rockefeller University Press},
	title = {The relationship between the firing rate of a single neuron and the level of activity in a population of neurons: Experimental evidence for resonant enhancement in the population response},
	volume = {59},
	year = {1972}}

@article{Ste65,
	author = {Stein, Richard B},
	date-added = {2022-10-02 11:44:41 +0200},
	date-modified = {2022-10-02 11:44:53 +0200},
	journal = {Biophysical Journal},
	number = {2},
	pages = {173--194},
	publisher = {Elsevier},
	title = {A theoretical analysis of neuronal variability},
	volume = {5},
	year = {1965}}

@article{BruVan07,
	author = {Brunel, Nicolas and Van Rossum, Mark CW},
	date-added = {2022-10-02 11:35:01 +0200},
	date-modified = {2022-10-02 11:35:11 +0200},
	journal = {Biological cybernetics},
	number = {5},
	pages = {337--339},
	publisher = {Springer},
	title = {Lapicque's 1907 paper: from frogs to integrate-and-fire},
	volume = {97},
	year = {2007}}

@article{Lap1907,
	author = {Lapique, Louis},
	date-added = {2022-10-02 11:34:25 +0200},
	date-modified = {2022-10-02 11:34:34 +0200},
	journal = {Journal of Physiology and Pathololgy},
	pages = {620--635},
	title = {Recherches quantitatives sur l'excitation electrique des nerfs traitee comme une polarization.},
	volume = {9},
	year = {1907}}

@article{OstBru11,
	author = {Ostojic, Srdjan and Brunel, Nicolas},
	date-added = {2022-10-01 11:12:40 +0200},
	date-modified = {2022-10-01 11:12:48 +0200},
	journal = {PLoS computational biology},
	number = {1},
	pages = {e1001056},
	publisher = {Public Library of Science San Francisco, USA},
	title = {From spiking neuron models to linear-nonlinear models},
	volume = {7},
	year = {2011}}

@article{SimPan04,
	author = {Simoncelli, Eero P and Paninski, Liam and Pillow, Jonathan and Schwartz, Odelia and others},
	date-added = {2022-10-01 11:12:01 +0200},
	date-modified = {2022-10-01 11:12:06 +0200},
	journal = {The cognitive neurosciences},
	number = {327-338},
	pages = {1},
	publisher = {MIT press Cambridge, MA},
	title = {Characterization of neural responses with stochastic stimuli},
	volume = {3},
	year = {2004}}

@article{PleGer00,
	author = {Plesser, Hans E and Gerstner, Wulfram},
	date-added = {2022-10-01 08:45:13 +0200},
	date-modified = {2022-10-01 08:45:22 +0200},
	journal = {Neural computation},
	number = {2},
	pages = {367--384},
	publisher = {MIT Press},
	title = {Noise in integrate-and-fire neurons: from stochastic input to escape rates},
	volume = {12},
	year = {2000}}

@article{Sch21,
	author = {Schwalger, Tilo},
	date-added = {2022-09-30 12:12:17 +0200},
	date-modified = {2022-09-30 12:12:33 +0200},
	journal = {Biological Cybernetics},
	number = {5},
	pages = {539--562},
	publisher = {Springer},
	title = {Mapping input noise to escape noise in integrate-and-fire neurons: a level-crossing approach},
	volume = {115},
	year = {2021}}

@article{SacGir13,
	author = {Sacerdote, Laura and Giraudo, Maria Teresa},
	date-added = {2022-09-30 12:09:54 +0200},
	date-modified = {2022-09-30 12:10:59 +0200},
	journal = {Stochastic biomathematical models},
	pages = {99--148},
	publisher = {Springer},
	title = {Stochastic integrate and fire models: a review on mathematical methods and their applications},
	year = {2013}}

@book{Kin92,
	author = {Kingman, John Frank Charles},
	date-added = {2022-09-30 09:15:23 +0200},
	date-modified = {2022-09-30 09:15:28 +0200},
	publisher = {Clarendon Press},
	title = {Poisson processes},
	volume = {3},
	year = {1992}}

@article{SakNeh84,
	author = {Sakmann, Bert and Neher, Erwin},
	date-added = {2022-09-29 16:17:25 +0200},
	date-modified = {2022-09-29 16:17:33 +0200},
	journal = {Annual review of physiology},
	number = {1},
	pages = {455--472},
	publisher = {Annual Reviews 4139 El Camino Way, PO Box 10139, Palo Alto, CA 94303-0139, USA},
	title = {Patch clamp techniques for studying ionic channels in excitable membranes},
	volume = {46},
	year = {1984}}

@article{WhiKli98,
	author = {White, John A and Klink, Ruby and Alonso, Angel and Kay, Alan R},
	date-added = {2022-09-29 13:33:32 +0200},
	date-modified = {2022-09-29 13:33:44 +0200},
	journal = {Journal of neurophysiology},
	number = {1},
	pages = {262--269},
	publisher = {American Physiological Society Bethesda, MD},
	title = {Noise from voltage-gated ion channels may influence neuronal dynamics in the entorhinal cortex},
	volume = {80},
	year = {1998}}

@article{LauDer98,
	author = {Laughlin, Simon B and de Ruyter van Steveninck, Rob R and Anderson, John C},
	date-added = {2022-09-29 13:31:43 +0200},
	date-modified = {2022-09-29 13:32:55 +0200},
	journal = {Nature neuroscience},
	number = {1},
	pages = {36--41},
	publisher = {Nature Publishing Group},
	title = {The metabolic cost of neural information},
	volume = {1},
	year = {1998}}

@article{GolShe11,
	author = {Goldwyn, Joshua H and Shea-Brown, Eric},
	date-added = {2022-09-29 09:18:07 +0200},
	date-modified = {2022-09-29 09:18:17 +0200},
	journal = {PLoS computational biology},
	number = {11},
	pages = {e1002247},
	publisher = {Public Library of Science San Francisco, USA},
	title = {The what and where of adding channel noise to the Hodgkin-Huxley equations},
	volume = {7},
	year = {2011}}

@article{amit1997model,
	author = {Amit, Daniel J and Brunel, Nicolas},
	date-added = {2022-09-28 16:27:24 +0200},
	date-modified = {2022-09-28 16:27:24 +0200},
	journal = {Cerebral cortex (New York, NY: 1991)},
	number = {3},
	pages = {237--252},
	title = {Model of global spontaneous activity and local structured activity during delay periods in the cerebral cortex.},
	volume = {7},
	year = {1997}}

@article{CohGro83,
	author = {Cohen, Michael A and Grossberg, Stephen},
	date-added = {2022-09-28 16:08:55 +0200},
	date-modified = {2022-09-28 16:55:12 +0200},
	journal = {IEEE transactions on systems, man, and cybernetics},
	number = {5},
	pages = {815--826},
	publisher = {IEEE},
	title = {Absolute stability of global pattern formation and parallel memory storage by competitive neural networks},
	year = {1983}}

@article{GarDer88,
	author = {Gardner, Elizabeth and Derrida, Bernard},
	date-added = {2022-09-28 11:57:38 +0200},
	date-modified = {2022-09-28 11:59:20 +0200},
	journal = {Journal of Physics A: Mathematical and general},
	number = {1},
	pages = {271},
	publisher = {IOP Publishing},
	title = {Optimal storage properties of neural network models},
	volume = {21},
	year = {1988}}

@article{Gar88,
	author = {Gardner, Elizabeth},
	date-added = {2022-09-28 11:57:23 +0200},
	date-modified = {2022-09-28 11:57:30 +0200},
	journal = {Journal of physics A: Mathematical and general},
	number = {1},
	pages = {257},
	publisher = {IOP Publishing},
	title = {The space of interactions in neural network models},
	volume = {21},
	year = {1988}}

@article{AmiGut87,
	author = {Amit, Daniel J and Gutfreund, Hanoch and Sompolinsky, Haim},
	date-added = {2022-09-28 11:55:08 +0200},
	date-modified = {2022-09-28 11:55:24 +0200},
	journal = {Annals of physics},
	number = {1},
	pages = {30--67},
	publisher = {Elsevier},
	title = {Statistical mechanics of neural networks near saturation},
	volume = {173},
	year = {1987}}

@article{AmiGut85a,
	author = {Amit, Daniel J and Gutfreund, Hanoch and Sompolinsky, Haim},
	date-added = {2022-09-28 11:54:28 +0200},
	date-modified = {2022-09-28 11:54:44 +0200},
	journal = {Physical Review A},
	number = {2},
	pages = {1007},
	publisher = {APS},
	title = {Spin-glass models of neural networks},
	volume = {32},
	year = {1985}}

@article{ManSus13,
	author = {Mante, Valerio and Sussillo, David and Shenoy, Krishna V and Newsome, William T},
	date-added = {2022-09-27 17:36:23 +0200},
	date-modified = {2022-09-27 17:36:35 +0200},
	journal = {nature},
	number = {7474},
	pages = {78--84},
	publisher = {Nature Publishing Group},
	title = {Context-dependent computation by recurrent dynamics in prefrontal cortex},
	volume = {503},
	year = {2013}}

@article{Wan02,
	author = {Wang, Xiao-Jing},
	date-added = {2022-09-27 17:28:59 +0200},
	date-modified = {2022-09-27 17:29:04 +0200},
	journal = {Neuron},
	number = {5},
	pages = {955--968},
	publisher = {Elsevier},
	title = {Probabilistic decision making by slow reverberation in cortical circuits},
	volume = {36},
	year = {2002}}

@article{JazOst21,
	author = {Jazayeri, Mehrdad and Ostojic, Srdjan},
	date-added = {2022-09-20 18:15:09 +0200},
	date-modified = {2022-09-20 18:15:20 +0200},
	journal = {Current opinion in neurobiology},
	pages = {113--120},
	publisher = {Elsevier},
	title = {Interpreting neural computations by examining intrinsic and embedding dimensionality of neural activity},
	volume = {70},
	year = {2021}}

@book{Tal11,
	author = {Talagrand, Michel},
	date-added = {2022-09-19 16:02:35 +0200},
	date-modified = {2022-09-19 16:02:40 +0200},
	publisher = {Springer Science \& Business Media},
	title = {Mean Field Models for Spin Glasses: Volume II: Advanced Replica-Symmetry and Low Temperature},
	volume = {55},
	year = {2011}}

@book{Tal10,
	author = {Talagrand, Michel},
	date-added = {2022-09-19 16:01:51 +0200},
	date-modified = {2022-09-19 16:01:56 +0200},
	publisher = {Springer Science \& Business Media},
	title = {Mean field models for spin glasses: Volume I: Basic examples},
	volume = {54},
	year = {2010}}

@book{Ami89,
	author = {Amit, Daniel J},
	date-added = {2022-09-19 11:07:33 +0200},
	date-modified = {2022-09-19 11:08:15 +0200},
	publisher = {Cambridge university press},
	title = {Modeling brain function: The world of attractor neural networks},
	year = {1989}}

@article{FaiSel08,
	author = {Faisal, A Aldo and Selen, Luc PJ and Wolpert, Daniel M},
	date-added = {2022-09-15 17:36:18 +0200},
	date-modified = {2022-09-15 17:36:26 +0200},
	journal = {Nature reviews neuroscience},
	number = {4},
	pages = {292--303},
	publisher = {Nature Publishing Group},
	title = {Noise in the nervous system},
	volume = {9},
	year = {2008}}

@article{WhiRub00,
	author = {White, John A and Rubinstein, Jay T and Kay, Alan R},
	date-added = {2022-09-15 17:35:04 +0200},
	date-modified = {2022-09-15 17:35:17 +0200},
	journal = {Trends in neurosciences},
	number = {3},
	pages = {131--137},
	publisher = {Elsevier},
	title = {Channel noise in neurons},
	volume = {23},
	year = {2000}}

@article{FaiWhi05,
	author = {Faisal, A Aldo and White, John A and Laughlin, Simon B},
	date-added = {2022-09-15 11:42:48 +0200},
	date-modified = {2022-09-15 11:42:58 +0200},
	journal = {Current Biology},
	number = {12},
	pages = {1143--1149},
	publisher = {Elsevier},
	title = {Ion-channel noise places limits on the miniaturization of the brain's wiring},
	volume = {15},
	year = {2005}}

@article{PakThi10,
	author = {Pakdaman, Khashayar and Thieullen, Michele and Wainrib, Gilles},
	date-added = {2022-09-15 11:26:30 +0200},
	date-modified = {2022-09-15 11:26:42 +0200},
	journal = {Advances in Applied Probability},
	number = {3},
	pages = {761--794},
	publisher = {Cambridge University Press},
	title = {Fluid limit theorems for stochastic hybrid systems with application to neuron models},
	volume = {42},
	year = {2010}}

@article{StrDef93,
	author = {Strassberg, Adam F and DeFelice, Louis J},
	date-added = {2022-09-15 11:14:51 +0200},
	date-modified = {2022-09-15 11:14:59 +0200},
	journal = {Neural computation},
	number = {6},
	pages = {843--855},
	publisher = {MIT Press One Rogers Street, Cambridge, MA 02142-1209, USA journals-info~{\ldots}},
	title = {Limitations of the Hodgkin-Huxley formalism: Effects of single channel kinetics on transmembrane voltage dynamics},
	volume = {5},
	year = {1993}}

@article{SchFel04,
	author = {Schreiber, Susanne and Fellous, Jean-Marc and Tiesinga, Paul and Sejnowski, Terrence J},
	date-added = {2022-09-15 11:01:37 +0200},
	date-modified = {2022-09-15 11:01:47 +0200},
	journal = {Journal of neurophysiology},
	number = {1},
	pages = {194--205},
	publisher = {American Physiological Society},
	title = {Influence of ionic conductances on spike timing reliability of cortical neurons for suprathreshold rhythmic inputs},
	volume = {91},
	year = {2004}}

@article{HarRob00,
	author = {Harsch, Annette and Robinson, Hugh PC},
	date-added = {2022-09-15 10:14:04 +0200},
	date-modified = {2022-09-15 10:14:15 +0200},
	journal = {Journal of Neuroscience},
	number = {16},
	pages = {6181--6192},
	publisher = {Soc Neuroscience},
	title = {Postsynaptic variability of firing in rat cortical neurons: the roles of input synchronization and synaptic NMDA receptor conductance},
	volume = {20},
	year = {2000}}

@article{ChoWhi96,
	author = {Chow, Carson C and White, John A},
	date-added = {2022-09-14 16:55:27 +0200},
	date-modified = {2022-09-14 16:55:36 +0200},
	journal = {Biophysical journal},
	number = {6},
	pages = {3013--3021},
	publisher = {Elsevier},
	title = {Spontaneous action potentials due to channel fluctuations},
	volume = {71},
	year = {1996}}

@article{BrySeg76,
	author = {Bryant, Hugh L and Segundo, Jos{\'e} P},
	date-added = {2022-09-14 16:53:56 +0200},
	date-modified = {2022-09-14 16:54:12 +0200},
	journal = {The Journal of physiology},
	number = {2},
	pages = {279--314},
	publisher = {Wiley Online Library},
	title = {Spike initiation by transmembrane current: a white-noise analysis.},
	volume = {260},
	year = {1976}}

@article{SchFre98,
	author = {Schneidman, Elad and Freedman, Barry and Segev, Idan},
	date-added = {2022-09-14 16:52:27 +0200},
	date-modified = {2022-09-14 16:52:40 +0200},
	journal = {Neural computation},
	number = {7},
	pages = {1679--1703},
	publisher = {MIT Press One Rogers Street, Cambridge, MA 02142-1209, USA journals-info~{\ldots}},
	title = {Ion channel stochasticity may be critical in determining the reliability and precision of spike timing},
	volume = {10},
	year = {1998}}

@article{RauLac03,
	author = {Rauch, Alexander and La Camera, Giancarlo and Luscher, Hans-Rudolf and Senn, Walter and Fusi, Stefano},
	date-added = {2022-09-14 16:00:46 +0200},
	date-modified = {2022-09-14 16:00:57 +0200},
	journal = {Journal of neurophysiology},
	number = {3},
	pages = {1598--1612},
	publisher = {American Physiological Society},
	title = {Neocortical pyramidal cells respond as integrate-and-fire neurons to in vivo--like input currents},
	volume = {90},
	year = {2003}}

@article{ChaRin85,
	author = {Chay, Teresa R and Rinzel, John},
	date-added = {2022-09-14 14:44:03 +0200},
	date-modified = {2022-09-14 14:44:09 +0200},
	journal = {Biophysical Journal},
	number = {3},
	pages = {357--366},
	publisher = {Elsevier},
	title = {Bursting, beating, and chaos in an excitable membrane model},
	volume = {47},
	year = {1985}}

@article{AihKaz90,
	author = {Aihara, Kazuyuki and Takabe, T and Toyoda, Masashi},
	date-added = {2022-09-14 14:35:41 +0200},
	date-modified = {2022-09-14 14:35:51 +0200},
	journal = {Physics letters A},
	number = {6-7},
	pages = {333--340},
	publisher = {Elsevier},
	title = {Chaotic neural networks},
	volume = {144},
	year = {1990}}

@article{GucOli02,
	author = {Guckenheimer, John and Oliva, Ricardo A},
	date-added = {2022-09-14 14:27:58 +0200},
	date-modified = {2022-09-14 14:28:29 +0200},
	journal = {SIAM Journal on Applied Dynamical Systems},
	number = {1},
	pages = {105--114},
	publisher = {SIAM},
	title = {Chaos in the Hodgkin--Huxley model},
	volume = {1},
	year = {2002}}

@book{KanSch00,
	author = {Kandel, Eric R and Schwartz, James H and Jessell, Thomas M and Siegelbaum, Steven and Hudspeth, A James and Mack, Sarah and others},
	date-added = {2022-09-11 18:13:10 +0200},
	date-modified = {2022-09-11 18:13:17 +0200},
	publisher = {McGraw-hill New York},
	title = {Principles of neural science},
	volume = {4},
	year = {2000}}

@book{GooBen16,
	author = {Goodfellow, Ian and Bengio, Yoshua and Courville, Aaron},
	date-added = {2022-09-10 14:32:59 +0200},
	date-modified = {2022-09-10 14:33:07 +0200},
	publisher = {MIT press},
	title = {Deep learning},
	year = {2016}}

@article{Bar17,
	author = {Barak, Omri},
	date-added = {2022-09-10 14:23:12 +0200},
	date-modified = {2022-09-10 14:23:20 +0200},
	journal = {Current opinion in neurobiology},
	pages = {1--6},
	publisher = {Elsevier},
	title = {Recurrent neural networks as versatile tools of neuroscience research},
	volume = {46},
	year = {2017}}

@misc{HerKro91,
	author = {Hertz, John and Krogh, Anders and Palmer, Richard G},
	date-added = {2022-09-10 12:39:06 +0200},
	date-modified = {2022-09-10 12:39:18 +0200},
	publisher = {Addison-Wesley Longman Publishing Co., Inc.},
	title = {Introduction to the theory of neural computation},
	year = {1991}}

@article{Kur71,
	author = {Kurtz, Thomas G},
	date-added = {2022-09-06 14:55:24 +0200},
	date-modified = {2022-09-06 14:55:30 +0200},
	journal = {Journal of Applied Probability},
	number = {2},
	pages = {344--356},
	publisher = {Cambridge University Press},
	title = {Limit theorems for sequences of jump Markov processes approximating ordinary differential processes},
	volume = {8},
	year = {1971}}

@article{AmiGut85b,
	author = {Amit, Daniel J and Gutfreund, Hanoch and Sompolinsky, Haim},
	date-added = {2022-09-06 09:54:39 +0200},
	date-modified = {2022-09-28 11:54:56 +0200},
	journal = {Physical Review Letters},
	number = {14},
	pages = {1530},
	publisher = {APS},
	title = {Storing infinite numbers of patterns in a spin-glass model of neural networks},
	volume = {55},
	year = {1985}}

@article{Chi01,
	author = {Chichilnisky, EJ},
	date-added = {2022-09-04 10:19:06 +0200},
	date-modified = {2022-09-04 10:19:12 +0200},
	journal = {Network: computation in neural systems},
	number = {2},
	pages = {199},
	publisher = {IOP Publishing},
	title = {A simple white noise analysis of neuronal light responses},
	volume = {12},
	year = {2001}}

@article{DipRan18,
	author = {Dipoppa, Mario and Ranson, Adam and Krumin, Michael and Pachitariu, Marius and Carandini, Matteo and Harris, Kenneth D},
	date-added = {2022-07-22 19:20:43 +0200},
	date-modified = {2022-07-22 19:20:52 +0200},
	journal = {Neuron},
	number = {3},
	pages = {602--615},
	publisher = {Elsevier},
	title = {Vision and locomotion shape the interactions between neuron types in mouse visual cortex},
	volume = {98},
	year = {2018}}

@article{VreSom98,
	author = {van Vreeswijk, Carl and Sompolinsky, Haim},
	date-added = {2022-07-22 11:00:25 +0200},
	date-modified = {2022-07-22 11:00:34 +0200},
	journal = {Neural computation},
	number = {6},
	pages = {1321--1371},
	publisher = {MIT Press},
	title = {Chaotic balanced state in a model of cortical circuits},
	volume = {10},
	year = {1998}}

@article{VreSom96,
	author = {Van Vreeswijk, Carl and Sompolinsky, Haim},
	date-added = {2022-07-22 10:59:44 +0200},
	date-modified = {2022-07-22 11:00:10 +0200},
	journal = {Science},
	number = {5293},
	pages = {1724--1726},
	publisher = {American Association for the Advancement of Science},
	title = {Chaos in neuronal networks with balanced excitatory and inhibitory activity},
	volume = {274},
	year = {1996}}

@article{WanSch22,
	author = {Wang, Shuqi and Schmutz, Valentin and Bellec, Guillaume and Gerstner, Wulfram},
	date-added = {2022-07-20 14:13:09 +0200},
	date-modified = {2022-07-20 14:13:15 +0200},
	journal = {arXiv preprint arXiv:2205.13493},
	title = {Mesoscopic modeling of hidden spiking neurons},
	year = {2022}}

@article{CarHan19,
	author = {Carrillo-Reid, Luis and Han, Shuting and Yang, Weijian and Akrouh, Alejandro and Yuste, Rafael},
	date-added = {2022-06-27 09:20:55 +0200},
	date-modified = {2022-06-27 09:21:13 +0200},
	journal = {Cell},
	number = {2},
	pages = {447--457},
	publisher = {Elsevier},
	title = {Controlling visually guided behavior by holographic recalling of cortical ensembles},
	volume = {178},
	year = {2019}}

@article{CarYan16,
	author = {Carrillo-Reid, Luis and Yang, Weijian and Bando, Yuki and Peterka, Darcy S and Yuste, Rafael},
	date-added = {2022-06-27 09:20:22 +0200},
	date-modified = {2022-06-27 09:20:31 +0200},
	journal = {Science},
	number = {6300},
	pages = {691--694},
	publisher = {American Association for the Advancement of Science},
	title = {Imprinting and recalling cortical ensembles},
	volume = {353},
	year = {2016}}

@article{InaFon19,
	author = {Inagaki, Hidehiko K and Fontolan, Lorenzo and Romani, Sandro and Svoboda, Karel},
	date-added = {2022-06-27 09:11:16 +0200},
	date-modified = {2022-06-27 09:11:30 +0200},
	journal = {Nature},
	number = {7743},
	pages = {212--217},
	publisher = {Nature Publishing Group},
	title = {Discrete attractor dynamics underlies persistent activity in the frontal cortex},
	volume = {566},
	year = {2019}}

@article{ZhaRus18,
	author = {Zhang, Zihui and Russell, Lloyd E and Packer, Adam M and Gauld, Oliver M and H{\"a}usser, Michael},
	date-added = {2022-06-27 08:56:04 +0200},
	date-modified = {2022-06-27 08:56:20 +0200},
	journal = {Nature methods},
	number = {12},
	pages = {1037--1040},
	publisher = {Nature Publishing Group},
	title = {Closed-loop all-optical interrogation of neural circuits in vivo},
	volume = {15},
	year = {2018}}

@article{DalRus20,
	author = {Dalgleish, Henry WP and Russell, Lloyd E and Packer, Adam M and Roth, Arnd and Gauld, Oliver M and Greenstreet, Francesca and Thompson, Emmett J and H{\"a}usser, Michael},
	date-added = {2022-06-23 15:06:28 +0200},
	date-modified = {2022-06-23 15:06:39 +0200},
	journal = {Elife},
	pages = {e58889},
	publisher = {eLife Sciences Publications Limited},
	title = {How many neurons are sufficient for perception of cortical activity?},
	volume = {9},
	year = {2020}}

@article{LonRot10,
	author = {London, Michael and Roth, Arnd and Beeren, Lisa and H{\"a}usser, Michael and Latham, Peter E},
	date-added = {2022-06-23 15:05:04 +0200},
	date-modified = {2022-06-23 15:05:11 +0200},
	journal = {Nature},
	number = {7302},
	pages = {123--127},
	publisher = {Nature Publishing Group},
	title = {Sensitivity to perturbations in vivo implies high noise and suggests rate coding in cortex},
	volume = {466},
	year = {2010}}

@article{OkuSte15,
	author = {Okun, Michael and Steinmetz, Nicholas A and Cossell, Lee and Iacaruso, M Florencia and Ko, Ho and Barth{\'o}, P{\'e}ter and Moore, Tirin and Hofer, Sonja B and Mrsic-Flogel, Thomas D and Carandini, Matteo and others},
	date-added = {2022-06-09 11:20:32 +0200},
	date-modified = {2022-06-09 11:20:45 +0200},
	journal = {Nature},
	number = {7553},
	pages = {511--515},
	publisher = {Nature Publishing Group},
	title = {Diverse coupling of neurons to populations in sensory cortex},
	volume = {521},
	year = {2015}}

@article{SteZat19,
	author = {Steinmetz, Nicholas A and Zatka-Haas, Peter and Carandini, Matteo and Harris, Kenneth D},
	date-added = {2022-06-08 17:04:31 +0200},
	date-modified = {2022-06-08 17:04:42 +0200},
	journal = {Nature},
	number = {7786},
	pages = {266--273},
	publisher = {Nature Publishing Group},
	title = {Distributed coding of choice, action and engagement across the mouse brain},
	volume = {576},
	year = {2019}}

@article{Hop84,
	author = {Hopfield, John J},
	date-added = {2022-06-07 15:12:21 +0200},
	date-modified = {2022-06-07 15:12:26 +0200},
	journal = {Proceedings of the national academy of sciences},
	number = {10},
	pages = {3088--3092},
	publisher = {National Acad Sciences},
	title = {Neurons with graded response have collective computational properties like those of two-state neurons},
	volume = {81},
	year = {1984}}

@article{Hop82,
	author = {Hopfield, John J},
	date-added = {2022-06-07 15:12:06 +0200},
	date-modified = {2022-06-07 15:12:11 +0200},
	journal = {Proceedings of the national academy of sciences},
	number = {8},
	pages = {2554--2558},
	publisher = {National Acad Sciences},
	title = {Neural networks and physical systems with emergent collective computational abilities},
	volume = {79},
	year = {1982}}

@article{Sch22,
	author = {Schmutz, Valentin},
	date-added = {2022-06-07 14:41:51 +0200},
	date-modified = {2022-06-07 14:42:02 +0200},
	journal = {Stochastic Processes and their Applications},
	pages = {39--59},
	publisher = {Elsevier},
	title = {Mean-field limit of age and leaky memory dependent Hawkes processes},
	volume = {149},
	year = {2022}}

@article{JabPoy21,
	author = {Jabin, Pierre-Emmanuel and Poyato, David and Soler, Juan},
	date-added = {2022-06-07 14:17:22 +0200},
	date-modified = {2022-06-07 14:17:38 +0200},
	journal = {arXiv preprint arXiv:2112.15406},
	title = {Mean-field limit of non-exchangeable systems},
	year = {2021}}

@article{SheSah13,
	author = {Shenoy, Krishna V and Sahani, Maneesh and Churchland, Mark M and others},
	date-added = {2022-06-07 11:47:22 +0200},
	date-modified = {2022-06-07 11:47:33 +0200},
	journal = {Annu Rev Neurosci},
	number = {1},
	pages = {337--359},
	title = {Cortical control of arm movements: a dynamical systems perspective},
	volume = {36},
	year = {2013}}

@article{Kni72,
	author = {Knight, Bruce W},
	date-added = {2022-06-02 09:54:11 +0200},
	date-modified = {2022-06-02 09:54:18 +0200},
	journal = {The Journal of general physiology},
	number = {6},
	pages = {734--766},
	publisher = {Rockefeller University Press},
	title = {Dynamics of encoding in a population of neurons},
	volume = {59},
	year = {1972}}

@article{Bre19,
	author = {Brette, Romain},
	date-added = {2022-06-01 15:29:56 +0200},
	date-modified = {2022-06-01 15:30:05 +0200},
	journal = {Behavioral and Brain Sciences},
	publisher = {Cambridge University Press},
	title = {Is coding a relevant metaphor for the brain?},
	volume = {42},
	year = {2019}}

@article{Bre15,
	author = {Brette, Romain},
	date-added = {2022-06-01 15:29:11 +0200},
	date-modified = {2022-06-01 15:29:15 +0200},
	journal = {Frontiers in systems neuroscience},
	pages = {151},
	publisher = {Frontiers},
	title = {Philosophy of the spike: rate-based vs. spike-based theories of the brain},
	volume = {9},
	year = {2015}}

@article{GerKia60,
	author = {Gerstein, George L and Kiang, Nelson Y-S},
	date-added = {2022-06-01 13:54:58 +0200},
	date-modified = {2022-06-01 13:55:10 +0200},
	journal = {Biophysical Journal},
	number = {1},
	pages = {15},
	publisher = {The Biophysical Society},
	title = {An approach to the quantitative analysis of electrophysiological data from single neurons},
	volume = {1},
	year = {1960}}

@article{Bru00,
	author = {Brunel, Nicolas},
	date-added = {2022-05-30 17:35:28 +0200},
	date-modified = {2022-05-30 17:35:33 +0200},
	journal = {Journal of computational neuroscience},
	number = {3},
	pages = {183--208},
	publisher = {Springer},
	title = {Dynamics of sparsely connected networks of excitatory and inhibitory spiking neurons},
	volume = {8},
	year = {2000}}

@article{BroSch11,
	author = {Brodersen, Kay H and Schofield, Thomas M and Leff, Alexander P and Ong, Cheng Soon and Lomakina, Ekaterina I and Buhmann, Joachim M and Stephan, Klaas E},
	date-added = {2022-05-19 11:17:08 +0200},
	date-modified = {2022-05-19 11:17:14 +0200},
	journal = {PLoS computational biology},
	number = {6},
	pages = {e1002079},
	publisher = {Public Library of Science San Francisco, USA},
	title = {Generative embedding for model-based classification of fMRI data},
	volume = {7},
	year = {2011}}

@article{JanRit95,
	author = {Jansen, Ben H and Rit, Vincent G},
	date-added = {2022-05-17 10:47:05 +0200},
	date-modified = {2022-05-17 10:47:13 +0200},
	journal = {Biological cybernetics},
	number = {4},
	pages = {357--366},
	publisher = {Springer},
	title = {Electroencephalogram and visual evoked potential generation in a mathematical model of coupled cortical columns},
	volume = {73},
	year = {1995}}

@article{WonWan06,
	author = {Wong, Kong-Fatt and Wang, Xiao-Jing},
	date-added = {2022-05-14 09:37:07 +0200},
	date-modified = {2022-05-14 09:37:16 +0200},
	journal = {Journal of Neuroscience},
	number = {4},
	pages = {1314--1328},
	publisher = {Soc Neuroscience},
	title = {A recurrent network mechanism of time integration in perceptual decisions},
	volume = {26},
	year = {2006}}

@book{Cox62,
	author = {Cox, David Roxbee},
	date-added = {2022-05-11 16:29:19 +0200},
	date-modified = {2022-05-11 16:29:26 +0200},
	publisher = {Methuen},
	title = {Renewal theory},
	year = {1962}}

@article{BruHak99,
	author = {Brunel, Nicolas and Hakim, Vincent},
	date-added = {2022-05-11 09:39:55 +0200},
	date-modified = {2022-05-11 09:40:04 +0200},
	journal = {Neural computation},
	number = {7},
	pages = {1621--1671},
	publisher = {MIT Press One Rogers Street, Cambridge, MA 02142-1209, USA journals-info~{\ldots}},
	title = {Fast global oscillations in networks of integrate-and-fire neurons with low firing rates},
	volume = {11},
	year = {1999}}

@article{Bre17,
	author = {Breakspear, Michael},
	date-added = {2022-05-03 10:17:01 +0200},
	date-modified = {2022-05-03 10:17:19 +0200},
	journal = {Nature neuroscience},
	number = {3},
	pages = {340--352},
	publisher = {Nature Publishing Group},
	title = {Dynamic models of large-scale brain activity},
	volume = {20},
	year = {2017}}

@article{GerHem93,
	author = {Gerstner, Wulfram and van Hemmen, J Leo},
	date-added = {2022-05-01 09:17:03 +0200},
	date-modified = {2022-05-01 09:17:10 +0200},
	journal = {Physical review letters},
	number = {3},
	pages = {312},
	publisher = {APS},
	title = {Coherence and incoherence in a globally coupled ensemble of pulse-emitting units},
	volume = {71},
	year = {1993}}

@article{JolLew04,
	author = {Jolivet, Renaud and Lewis, Timothy J and Gerstner, Wulfram},
	date-added = {2022-04-28 08:15:01 +0200},
	date-modified = {2022-04-28 08:15:14 +0200},
	journal = {Journal of neurophysiology},
	number = {2},
	pages = {959--976},
	publisher = {American Physiological Society},
	title = {Generalized integrate-and-fire models of neuronal activity approximate spike trains of a detailed model to a high degree of accuracy},
	volume = {92},
	year = {2004}}

@article{LitDoi12,
	author = {Litwin-Kumar, Ashok and Doiron, Brent},
	date-added = {2022-04-26 17:27:29 +0200},
	date-modified = {2022-04-26 17:27:42 +0200},
	journal = {Nature neuroscience},
	number = {11},
	pages = {1498--1505},
	publisher = {Nature Publishing Group},
	title = {Slow dynamics and high variability in balanced cortical networks with clustered connections},
	volume = {15},
	year = {2012}}

@article{Car04,
	author = {Carandini, Matteo},
	date-added = {2022-03-08 17:41:57 +0100},
	date-modified = {2022-03-08 17:43:24 +0100},
	journal = {PLoS biology},
	number = {9},
	pages = {e264},
	publisher = {Public Library of Science San Francisco, USA},
	title = {Amplification of trial-to-trial response variability by neurons in visual cortex},
	volume = {2},
	year = {2004}}

@article{ShaNew98,
	author = {Shadlen, Michael N and Newsome, William T},
	date-added = {2022-03-08 16:45:33 +0100},
	date-modified = {2022-03-08 16:45:46 +0100},
	journal = {Journal of neuroscience},
	number = {10},
	pages = {3870--3896},
	publisher = {Soc Neuroscience},
	title = {The variable discharge of cortical neurons: implications for connectivity, computation, and information coding},
	volume = {18},
	year = {1998}}

@article{AriSte96,
	author = {Arieli, Amos and Sterkin, Alexander and Grinvald, Amiram and Aertsen, AD},
	date-added = {2022-03-08 11:31:43 +0100},
	date-modified = {2022-03-08 11:31:57 +0100},
	journal = {Science},
	number = {5283},
	pages = {1868--1871},
	publisher = {American Association for the Advancement of Science},
	title = {Dynamics of ongoing activity: explanation of the large variability in evoked cortical responses},
	volume = {273},
	year = {1996}}

@article{ShaNew94,
	author = {Shadlen, Michael N and Newsome, William T},
	date-added = {2022-03-08 09:07:41 +0100},
	date-modified = {2022-03-08 09:08:01 +0100},
	journal = {Current opinion in neurobiology},
	number = {4},
	pages = {569--579},
	publisher = {Elsevier},
	title = {Noise, neural codes and cortical organization},
	volume = {4},
	year = {1994}}

@article{MaiSej95,
	author = {Mainen, Zachary F and Sejnowski, Terrence J},
	date-added = {2022-03-08 08:14:37 +0100},
	date-modified = {2022-03-08 08:14:49 +0100},
	journal = {Science},
	number = {5216},
	pages = {1503--1506},
	publisher = {American Association for the Advancement of Science},
	title = {Reliability of spike timing in neocortical neurons},
	volume = {268},
	year = {1995}}

@article{AbbVan93,
	author = {Abbott, Larry F and van Vreeswijk, Carl},
	date-added = {2021-12-21 08:24:15 +0100},
	date-modified = {2021-12-21 08:24:26 +0100},
	journal = {Physical Review E},
	number = {2},
	pages = {1483},
	publisher = {APS},
	title = {Asynchronous states in networks of pulse-coupled oscillators},
	volume = {48},
	year = {1993}}

@article{CorTan20b,
	author = {Cormier, Quentin and Tanr\'{e}, Etienne and Veltz, Romain},
	date-added = {2021-12-08 16:08:55 +0100},
	date-modified = {2021-12-08 16:21:55 +0100},
	fjournal = {Electronic Journal of Probability},
	journal = {Electron. J. Probab.},
	mrclass = {60K35 (45D05 60H10 92C20)},
	mrnumber = {4316639},
	pages = {Paper No. 121, 40},
	title = {Hopf bifurcation in a mean-field model of spiking neurons},
	volume = {26},
	year = {2021},
	bdsk-url-1 = {https://doi.org/10.1214/21-ejp688}}

@article{KisGer97,
	author = {Kistler, Werner M and Gerstner, Wulfram and Hemmen, J Leo van},
	date-added = {2021-11-08 09:57:25 +0100},
	date-modified = {2021-11-08 09:57:36 +0100},
	journal = {Neural computation},
	number = {5},
	pages = {1015--1045},
	publisher = {MIT Press One Rogers Street, Cambridge, MA 02142-1209, USA journals-info~{\ldots}},
	title = {Reduction of the Hodgkin-Huxley equations to a single-variable threshold model},
	volume = {9},
	year = {1997}}

@article{JolRau06,
	author = {Jolivet, Renaud and Rauch, Alexander and L{\"u}scher, Hans-Rudolf and Gerstner, Wulfram},
	date-added = {2021-10-29 11:29:54 +0200},
	date-modified = {2021-10-29 11:30:05 +0200},
	journal = {Journal of computational neuroscience},
	number = {1},
	pages = {35--49},
	publisher = {Springer},
	title = {Predicting spike timing of neocortical pyramidal neurons by simple threshold models},
	volume = {21},
	year = {2006}}

@article{PilLat08,
	author = {Pillow, Jonathan W and Latham, Peter},
	date-added = {2021-10-29 09:20:37 +0200},
	date-modified = {2021-10-29 09:20:44 +0200},
	journal = {Adv Neural Information Processing Systems},
	number = {3.5},
	title = {Neural characterization in partially observed populations of spiking neurons},
	volume = {20},
	year = {2008}}

@book{HelDah21,
	author = {Helias, Moritz and Dahmen, David},
	date-added = {2021-10-25 11:54:44 +0200},
	date-modified = {2021-10-25 11:54:52 +0200},
	publisher = {Springer},
	title = {Statistical Field Theory for Neural Networks},
	year = {2020}}

@article{ChuCun12,
	author = {Churchland, Mark M and Cunningham, John P and Kaufman, Matthew T and Foster, Justin D and Nuyujukian, Paul and Ryu, Stephen I and Shenoy, Krishna V},
	date-added = {2021-10-21 19:40:25 +0200},
	date-modified = {2021-10-21 19:40:44 +0200},
	journal = {Nature},
	number = {7405},
	pages = {51--56},
	publisher = {Nature Publishing Group},
	title = {Neural population dynamics during reaching},
	volume = {487},
	year = {2012}}

@article{DecJir08,
	author = {Deco, Gustavo and Jirsa, Viktor K and Robinson, Peter A and Breakspear, Michael and Friston, Karl},
	date-added = {2021-08-23 18:05:21 +0200},
	date-modified = {2021-08-23 18:05:31 +0200},
	journal = {PLoS computational biology},
	number = {8},
	pages = {e1000092},
	publisher = {Public Library of Science San Francisco, USA},
	title = {The dynamic brain: from spiking neurons to neural masses and cortical fields},
	volume = {4},
	year = {2008}}

@article{DumPay17,
	author = {Dumont, Gr{\'e}gory and Payeur, Alexandre and Longtin, Andr{\'e}},
	date-added = {2021-08-23 13:38:58 +0200},
	date-modified = {2021-08-23 13:39:08 +0200},
	journal = {PLoS computational biology},
	number = {8},
	pages = {e1005691},
	publisher = {Public Library of Science San Francisco, CA USA},
	title = {A stochastic-field description of finite-size spiking neural networks},
	volume = {13},
	year = {2017}}

@article{VyaGol20,
	author = {Vyas, Saurabh and Golub, Matthew D and Sussillo, David and Shenoy, Krishna V},
	date-added = {2021-08-02 19:08:30 +0200},
	date-modified = {2021-08-02 19:08:42 +0200},
	journal = {Annual Review of Neuroscience},
	pages = {249--275},
	publisher = {Annual Reviews},
	title = {Computation through neural population dynamics},
	volume = {43},
	year = {2020}}

@article{SusBar13,
	author = {Sussillo, David and Barak, Omri},
	date-added = {2021-08-02 19:07:45 +0200},
	date-modified = {2021-08-02 19:07:55 +0200},
	journal = {Neural computation},
	number = {3},
	pages = {626--649},
	publisher = {MIT Press One Rogers Street, Cambridge, MA 02142-1209, USA journals-info~{\ldots}},
	title = {Opening the black box: low-dimensional dynamics in high-dimensional recurrent neural networks},
	volume = {25},
	year = {2013}}

@inproceedings{MacBue12,
	author = {Macke, Jakob H and Buesing, Lars and Cunningham, John P and Yu, Byron M and Shenoy, Krishna V and Sahani, Maneesh},
	booktitle = {Advances in Neural Information Processing Systems 24: 25th conference on Neural Information Processing Systems (NIPS 2011)},
	date-added = {2021-08-02 18:57:10 +0200},
	date-modified = {2021-08-02 18:57:18 +0200},
	pages = {1350--1358},
	title = {Empirical models of spiking in neural populations},
	year = {2012}}

@article{LawWu10,
	author = {Lawhern, Vernon and Wu, Wei and Hatsopoulos, Nicholas and Paninski, Liam},
	date-added = {2021-08-02 18:53:07 +0200},
	date-modified = {2021-08-02 18:53:16 +0200},
	journal = {Journal of neuroscience methods},
	number = {2},
	pages = {267--280},
	publisher = {Elsevier},
	title = {Population decoding of motor cortical activity using a generalized linear model with hidden states},
	volume = {189},
	year = {2010}}

@article{KulPan07,
	author = {Kulkarni, Jayant E and Paninski, Liam},
	date-added = {2021-08-02 18:51:31 +0200},
	date-modified = {2021-08-02 18:51:49 +0200},
	journal = {Network: Computation in Neural Systems},
	number = {4},
	pages = {375--407},
	publisher = {Taylor \& Francis},
	title = {Common-input models for multiple neural spike-train data},
	volume = {18},
	year = {2007}}

@article{SmiBro03,
	author = {Smith, Anne C and Brown, Emery N},
	date-added = {2021-08-02 18:48:15 +0200},
	date-modified = {2021-08-02 18:48:34 +0200},
	journal = {Neural computation},
	number = {5},
	pages = {965--991},
	publisher = {MIT Press One Rogers Street, Cambridge, MA 02142-1209, USA journals-info~{\ldots}},
	title = {Estimating a state-space model from point process observations},
	volume = {15},
	year = {2003}}

@article{YuCun09,
	author = {Yu, Byron M and Cunningham, John P and Santhanam, Gopal and Ryu, Stephen I and Shenoy, Krishna V and Sahani, Maneesh},
	date-added = {2021-08-02 18:46:59 +0200},
	date-modified = {2021-08-02 18:47:21 +0200},
	journal = {Journal of neurophysiology},
	number = {1},
	pages = {614--635},
	publisher = {American Physiological Society},
	title = {Gaussian-process factor analysis for low-dimensional single-trial analysis of neural population activity},
	volume = {102},
	year = {2009}}

@incollection{Szn91,
	author = {Sznitman, Alain-Sol},
	booktitle = {\'{E}cole d'\'{E}t\'{e} de {P}robabilit\'{e}s de {S}aint-{F}lour {XIX}---1989},
	date-added = {2021-07-28 11:23:31 +0200},
	date-modified = {2021-07-28 11:23:47 +0200},
	doi = {10.1007/BFb0085169},
	mrclass = {60J60 (60K35 82C40)},
	mrnumber = {1108185},
	mrreviewer = {Maria E. Vares},
	pages = {165--251},
	publisher = {Springer, Berlin},
	series = {Lecture Notes in Math.},
	title = {Topics in propagation of chaos},
	url = {https://doi.org/10.1007/BFb0085169},
	volume = {1464},
	year = {1991},
	bdsk-url-1 = {https://doi.org/10.1007/BFb0085169}}

@article{RaaDit20,
	author = {Raad, Mads Bonde and Ditlevsen, Susanne and L\"{o}cherbach, Eva},
	date-added = {2021-07-28 11:16:39 +0200},
	date-modified = {2021-07-28 11:17:03 +0200},
	doi = {10.1214/19-AIHP1023},
	fjournal = {Annales de l'Institut Henri Poincar\'{e} Probabilit\'{e}s et Statistiques},
	issn = {0246-0203},
	journal = {Ann. Inst. Henri Poincar\'{e} Probab. Stat.},
	mrclass = {60G55 (60G57 60J25 60K05 60K35)},
	mrnumber = {4116713},
	number = {3},
	pages = {1958--1990},
	title = {Stability and mean-field limits of age dependent {H}awkes processes},
	url = {https://doi.org/10.1214/19-AIHP1023},
	volume = {56},
	year = {2020},
	bdsk-url-1 = {https://doi.org/10.1214/19-AIHP1023}}

@article{Qui16,
	author = {Qui\~{n}inao, Crist\'{o}bal},
	date-added = {2021-07-28 11:15:47 +0200},
	date-modified = {2021-07-28 11:16:00 +0200},
	doi = {10.1007/s10440-016-0056-3},
	fjournal = {Acta Applicandae Mathematicae},
	issn = {0167-8019},
	journal = {Acta Appl. Math.},
	mrclass = {82C32 (35F25 35R09 37N25 60K35 82C44)},
	mrnumber = {3569582},
	pages = {29--55},
	title = {A microscopic spiking neuronal network for the age-structured model},
	url = {https://doi.org/10.1007/s10440-016-0056-3},
	volume = {146},
	year = {2016},
	bdsk-url-1 = {https://doi.org/10.1007/s10440-016-0056-3}}

@article{PakPer14,
	author = {Pakdaman, Khashayar and Perthame, Beno\^{i}t and Salort, Delphine},
	date-added = {2021-07-28 11:05:52 +0200},
	date-modified = {2022-10-12 08:01:28 +0200},
	fjournal = {Journal of Mathematical Neuroscience},
	journal = {J. Math. Neurosci.},
	mrclass = {82C21 (35B40 35F31 35R09 92B20)},
	mrnumber = {3246939},
	pages = {Art. 14, 26},
	title = {Adaptation and fatigue model for neuron networks and large time asymptotics in a nonlinear fragmentation equation},
	volume = {4},
	year = {2014},
	bdsk-url-1 = {https://doi.org/10.1186/2190-8567-4-14}}

@article{PakPer13,
	author = {Pakdaman, Khashayar and Perthame, Beno\^{i}t and Salort, Delphine},
	date-added = {2021-07-28 11:04:36 +0200},
	date-modified = {2022-10-12 08:02:10 +0200},
	fjournal = {SIAM Journal on Applied Mathematics},
	issn = {0036-1399},
	journal = {SIAM J. Appl. Math.},
	mrclass = {82C32 (92C20)},
	mrnumber = {3071416},
	number = {3},
	pages = {1260--1279},
	title = {Relaxation and self-sustained oscillations in the time elapsed neuron network model},
	volume = {73},
	year = {2013},
	bdsk-url-1 = {https://doi.org/10.1137/110847962}}

@article{PakPer10,
	author = {Pakdaman, Khashayar and Perthame, Beno\^{i}t and Salort, Delphine},
	date-added = {2021-07-28 11:02:39 +0200},
	date-modified = {2022-10-12 08:01:54 +0200},
	fjournal = {Nonlinearity},
	issn = {0951-7715},
	journal = {Nonlinearity},
	mrclass = {35Q92 (35B35 92C20)},
	mrnumber = {2576373},
	number = {1},
	pages = {55--75},
	title = {Dynamics of a structured neuron population},
	volume = {23},
	year = {2010},
	bdsk-url-1 = {https://doi.org/10.1088/0951-7715/23/1/003}}

@incollection{Loe17,
	author = {L\"{o}cherbach, Eva},
	booktitle = {Journ\'{e}es {MAS} 2016 de la {SMAI}---{P}h\'{e}nom\`enes complexes et h\'{e}t\'{e}rog\`enes},
	date-added = {2021-07-28 10:52:21 +0200},
	date-modified = {2021-12-01 09:27:34 +0100},
	doi = {10.1051/proc/201760090},
	mrclass = {60G55 (60F17 60K35 92C20)},
	mrnumber = {3772474},
	pages = {90--103},
	publisher = {EDP Sci., Les Ulis},
	series = {ESAIM Proc. Surveys},
	title = {Spiking neurons: interacting {H}awkes processes, mean field limits and oscillations},
	url = {https://doi.org/10.1051/proc/201760090},
	volume = {60},
	year = {2017},
	bdsk-url-1 = {https://doi.org/10.1051/proc/201760090}}

@article{GalLoe20,
	author = {Galves, Antonio and L\"{o}cherbach, Eva and Pouzat, Christophe and Presutti, Errico},
	date-added = {2021-07-28 10:26:01 +0200},
	date-modified = {2021-12-01 09:26:48 +0100},
	doi = {10.1007/s10955-019-02467-1},
	fjournal = {Journal of Statistical Physics},
	issn = {0022-4715},
	journal = {J. Stat. Phys.},
	mrclass = {92B20 (60G55 60J76 60K35)},
	mrnumber = {4064206},
	number = {4},
	pages = {869--892},
	title = {A system of interacting neurons with short term synaptic facilitation},
	url = {https://doi.org/10.1007/s10955-019-02467-1},
	volume = {178},
	year = {2020},
	bdsk-url-1 = {https://doi.org/10.1007/s10955-019-02467-1}}

@article{GalLoe16,
	author = {Galves, Antonio and L\"{o}cherbach, Eva},
	date-added = {2021-07-28 10:24:09 +0200},
	date-modified = {2021-07-28 10:24:24 +0200},
	fjournal = {Journal de la SFdS. Journal de la Soc\'{\i}et\'{e} Fran\c{c}aise de Statistique},
	journal = {J. SFdS},
	mrclass = {60K35 (60-02 60G55 60J25 92B20)},
	mrnumber = {3491721},
	number = {1},
	pages = {17--32},
	title = {Modeling networks of spiking neurons as interacting processes with memory of variable length},
	volume = {157},
	year = {2016}}

@article{DitLoe17,
	author = {Ditlevsen, Susanne and L\"{o}cherbach, Eva},
	date-added = {2021-07-28 10:19:33 +0200},
	date-modified = {2021-07-28 10:19:56 +0200},
	doi = {10.1016/j.spa.2016.09.013},
	fjournal = {Stochastic Processes and their Applications},
	issn = {0304-4149},
	journal = {Stochastic Process. Appl.},
	mrclass = {60G55 (60K35 92C20)},
	mrnumber = {3646433},
	number = {6},
	pages = {1840--1869},
	title = {Multi-class oscillating systems of interacting neurons},
	url = {https://doi.org/10.1016/j.spa.2016.09.013},
	volume = {127},
	year = {2017},
	bdsk-url-1 = {https://doi.org/10.1016/j.spa.2016.09.013}}

@article{DelFou16,
	author = {Delattre, Sylvain and Fournier, Nicolas and Hoffmann, Marc},
	date-added = {2021-07-28 10:18:34 +0200},
	date-modified = {2021-07-28 10:18:57 +0200},
	doi = {10.1214/14-AAP1089},
	fjournal = {The Annals of Applied Probability},
	issn = {1050-5164},
	journal = {Ann. Appl. Probab.},
	mrclass = {60F05 (60G55 60G57)},
	mrnumber = {3449317},
	mrreviewer = {Ra\'{u}l Fierro},
	number = {1},
	pages = {216--261},
	title = {Hawkes processes on large networks},
	url = {https://doi.org/10.1214/14-AAP1089},
	volume = {26},
	year = {2016},
	bdsk-url-1 = {https://doi.org/10.1214/14-AAP1089}}

@article{DemGal15,
	author = {De Masi, Anna and Galves, Antonio and L\"{o}cherbach, Eva and Presutti, Errico},
	date-added = {2021-07-28 10:15:58 +0200},
	date-modified = {2021-12-08 16:22:21 +0100},
	fjournal = {Journal of Statistical Physics},
	issn = {0022-4715},
	journal = {J. Stat. Phys.},
	mrclass = {92C20 (60F17 60J25 60K35 92B20)},
	mrnumber = {3311484},
	number = {4},
	pages = {866--902},
	title = {Hydrodynamic limit for interacting neurons},
	volume = {158},
	year = {2015},
	bdsk-url-1 = {https://doi.org/10.1007/s10955-014-1145-1}}

@article{Che17,
	author = {Chevallier, Julien},
	date-added = {2021-07-28 10:06:52 +0200},
	date-modified = {2021-12-08 16:21:05 +0100},
	fjournal = {Stochastic Processes and their Applications},
	issn = {0304-4149},
	journal = {Stochastic Process. Appl.},
	mrclass = {60G55 (60F05 60G57)},
	mrnumber = {3718099},
	number = {12},
	pages = {3870--3912},
	title = {Mean-field limit of generalized {H}awkes processes},
	volume = {127},
	year = {2017},
	bdsk-url-1 = {https://doi.org/10.1016/j.spa.2017.02.012}}

@article{BreMas96,
	author = {Br\'{e}maud, Pierre and Massouli\'{e}, Laurent},
	date-added = {2021-07-28 10:03:15 +0200},
	date-modified = {2021-07-28 10:03:50 +0200},
	doi = {10.1214/aop/1065725193},
	fjournal = {The Annals of Probability},
	issn = {0091-1798},
	journal = {Ann. Probab.},
	mrclass = {60G55},
	mrnumber = {1411506},
	mrreviewer = {F. Papangelou},
	number = {3},
	pages = {1563--1588},
	title = {Stability of nonlinear {H}awkes processes},
	url = {https://doi.org/10.1214/aop/1065725193},
	volume = {24},
	year = {1996},
	bdsk-url-1 = {https://doi.org/10.1214/aop/1065725193}}

@article{SchLoe21,
	author = {Schmutz, Valentin and L{\"o}cherbach, Eva and Schwalger, Tilo},
	date-added = {2021-07-25 15:04:13 +0200},
	date-modified = {2021-10-30 09:14:01 +0200},
	journal = {arXiv preprint arXiv:2106.14721},
	title = {On a finite-size neuronal population equation},
	year = {2021}}

@article{RenLon20,
	author = {Ren{\'e}, Alexandre and Longtin, Andr{\'e} and Macke, Jakob H},
	date-added = {2021-07-25 14:43:58 +0200},
	date-modified = {2021-07-25 14:44:12 +0200},
	journal = {Neural computation},
	number = {8},
	pages = {1448--1498},
	publisher = {MIT Press One Rogers Street, Cambridge, MA 02142-1209, USA journals-info~{\ldots}},
	title = {Inference of a mesoscopic population model from population spike trains},
	volume = {32},
	year = {2020}}

@article{BreGer05,
	author = {Brette, Romain and Gerstner, Wulfram},
	date-added = {2021-06-24 10:49:22 +0200},
	date-modified = {2021-06-24 10:49:30 +0200},
	journal = {Journal of neurophysiology},
	number = {5},
	pages = {3637--3642},
	publisher = {American Physiological Society},
	title = {Adaptive exponential integrate-and-fire model as an effective description of neuronal activity},
	volume = {94},
	year = {2005}}

@book{JacShi13,
	author = {Jacod, Jean and Shiryaev, Albert},
	date-added = {2021-05-19 08:44:22 +0200},
	date-modified = {2021-05-19 08:44:35 +0200},
	publisher = {Springer Science \& Business Media},
	title = {Limit theorems for stochastic processes},
	volume = {288},
	year = {2013}}

@article{DumGab20,
	author = {Dumont, Gr{\'e}gory and Gabriel, Pierre},
	date-added = {2021-02-18 17:47:25 +0100},
	date-modified = {2021-02-18 17:47:42 +0100},
	journal = {Nonlinearity},
	number = {12},
	pages = {6381},
	publisher = {IOP Publishing},
	title = {The mean-field equation of a leaky integrate-and-fire neural network: measure solutions and steady states},
	volume = {33},
	year = {2020}}

@article{Cor20,
	author = {Cormier, Quentin},
	date-added = {2021-02-18 16:59:02 +0100},
	date-modified = {2021-02-18 16:59:09 +0100},
	journal = {arXiv preprint arXiv:2002.08649},
	title = {A mean-field model of Integrate-and-Fire neurons: non-linear stability of the stationary solutions},
	year = {2020}}

@article{CorTan20,
	author = {Cormier, Quentin and Tanr\'{e}, Etienne and Veltz, Romain},
	date-added = {2021-02-16 09:21:25 +0100},
	date-modified = {2022-10-12 08:07:12 +0200},
	journal = {Stochastic Processes and their Applications},
	number = {5},
	pages = {2553--2595},
	publisher = {Elsevier},
	title = {Long time behavior of a mean-field model of interacting neurons},
	volume = {130},
	year = {2020}}

@article{PozMen15,
	author = {Pozzorini, Christian and Mensi, Skander and Hagens, Olivier and Naud, Richard and Koch, Christof and Gerstner, Wulfram},
	date-added = {2021-02-15 16:21:52 +0100},
	date-modified = {2021-02-15 16:22:27 +0100},
	journal = {PLoS Comput Biol},
	number = {6},
	pages = {e1004275},
	publisher = {Public Library of Science},
	title = {Automated high-throughput characterization of single neurons by means of simplified spiking models},
	volume = {11},
	year = {2015}}

@article{JolSch08,
	author = {Jolivet, Renaud and Sch{\"u}rmann, Felix and Berger, Thomas K and Naud, Richard and Gerstner, Wulfram and Roth, Arnd},
	date-added = {2021-02-15 15:57:21 +0100},
	date-modified = {2021-02-15 15:57:32 +0100},
	journal = {Biological cybernetics},
	number = {4},
	pages = {417--426},
	publisher = {Springer},
	title = {The quantitative single-neuron modeling competition},
	volume = {99},
	year = {2008}}

@article{JolKob08,
	author = {Jolivet, Renaud and Kobayashi, Ryota and Rauch, Alexander and Naud, Richard and Shinomoto, Shigeru and Gerstner, Wulfram},
	date-added = {2021-02-15 15:56:23 +0100},
	date-modified = {2021-02-15 15:56:37 +0100},
	journal = {Journal of neuroscience methods},
	number = {2},
	pages = {417--424},
	publisher = {Elsevier},
	title = {A benchmark test for a quantitative assessment of simple neuron models},
	volume = {169},
	year = {2008}}

@article{MeyTwe93,
	author = {Meyn, Sean P and Tweedie, Richard L},
	date-added = {2021-01-30 18:10:49 +0100},
	date-modified = {2021-01-30 18:11:05 +0100},
	journal = {Advances in Applied Probability},
	pages = {518--548},
	publisher = {JSTOR},
	title = {Stability of Markovian processes III: Foster-Lyapunov criteria for continuous-time processes},
	year = {1993}}

@book{MeyTwe12,
	author = {Meyn, Sean P and Tweedie, Richard L},
	date-added = {2020-11-22 17:01:38 +0100},
	date-modified = {2020-11-22 17:01:50 +0100},
	publisher = {Springer Science \& Business Media},
	title = {Markov chains and stochastic stability},
	year = {2012}}

@book{GerKis02,
	author = {Gerstner, Wulfram and Kistler, Werner M},
	date-added = {2020-11-13 13:34:33 +0100},
	date-modified = {2020-11-13 13:34:53 +0100},
	publisher = {Cambridge university press},
	title = {Spiking neuron models: Single neurons, populations, plasticity},
	year = {2002}}

@article{SchGer20,
	author = {Schmutz, Valentin and Gerstner, Wulfram and Schwalger, Tilo},
	date-added = {2020-10-10 16:26:36 +0200},
	date-modified = {2020-10-10 16:26:47 +0200},
	journal = {The Journal of Mathematical Neuroscience},
	number = {1},
	pages = {1--32},
	publisher = {SpringerOpen},
	title = {Mesoscopic population equations for spiking neural networks with synaptic short-term plasticity},
	volume = {10},
	year = {2020}}

@incollection{Oga99,
	author = {Ogata, Yosihiko},
	booktitle = {Seismicity patterns, their statistical significance and physical meaning},
	date-added = {2020-06-06 15:13:26 +0200},
	date-modified = {2020-06-06 15:13:36 +0200},
	pages = {471--507},
	publisher = {Springer},
	title = {Seismicity analysis through point-process modeling: A review},
	year = {1999}}

@article{PozNau13,
	author = {Pozzorini, Christian and Naud, Richard and Mensi, Skander and Gerstner, Wulfram},
	date-added = {2020-06-06 13:44:27 +0200},
	date-modified = {2020-06-06 13:44:40 +0200},
	journal = {Nature neuroscience},
	number = {7},
	pages = {942},
	publisher = {Nature Publishing Group},
	title = {Temporal whitening by power-law adaptation in neocortical neurons},
	volume = {16},
	year = {2013}}

@article{JolGer04,
	author = {Jolivet, Renaud and Gerstner, Wulfram},
	date-added = {2020-06-06 11:36:07 +0200},
	date-modified = {2020-06-06 11:36:32 +0200},
	journal = {Journal of Physiology-Paris},
	number = {4-6},
	pages = {442--451},
	publisher = {Elsevier},
	title = {Predicting spike times of a detailed conductance-based neuron model driven by stochastic spike arrival},
	volume = {98},
	year = {2004}}

@article{CanYol19,
	author = {Ca{\~n}izo, Jos{\'e} A and Yolda{\c{s}}, Havva},
	date-added = {2020-03-30 12:37:14 +0200},
	date-modified = {2020-03-30 12:37:31 +0200},
	journal = {Nonlinearity},
	number = {2},
	pages = {464},
	publisher = {IOP Publishing},
	title = {Asymptotic behaviour of neuron population models structured by elapsed-time},
	volume = {32},
	year = {2019}}

@article{MisWen18,
	author = {Mischler, St\'{e}phane and Weng, Qilong},
	date-added = {2020-03-30 12:35:46 +0200},
	date-modified = {2022-10-12 08:10:31 +0200},
	journal = {Acta Applicandae Mathematicae},
	number = {1},
	pages = {45--74},
	publisher = {Springer},
	title = {Relaxation in time elapsed neuron network models in the weak connectivity regime},
	volume = {157},
	year = {2018}}

@article{MisQui18,
	author = {Mischler, St\'{e}phaneand Qui{\~n}inao, Cristobal and Weng, Qilong},
	date-added = {2020-03-30 12:34:47 +0200},
	date-modified = {2022-10-12 08:10:35 +0200},
	journal = {Journal of Statistical Physics},
	number = {1},
	pages = {77--98},
	publisher = {Springer},
	title = {Weak and strong connectivity regimes for a general time elapsed neuron network model},
	volume = {173},
	year = {2018}}

@article{SchChi19,
	author = {Schwalger, Tilo and Chizhov, Anton V},
	date-added = {2020-03-29 15:43:13 +0200},
	date-modified = {2021-07-28 11:22:58 +0200},
	journal = {Curr. Opin. Neurobiol.},
	pages = {155--166},
	publisher = {Elsevier},
	title = {Mind the last spike---firing rate models for mesoscopic populations of spiking neurons},
	volume = {58},
	year = {2019}}

@article{GerHem92,
	author = {Gerstner, Wulfram and van Hemmen, J Leo},
	date-added = {2020-03-29 15:39:35 +0200},
	date-modified = {2022-10-07 09:52:42 +0200},
	journal = {Netw. Comput. Neural Syst.},
	number = {2},
	pages = {139--164},
	publisher = {Taylor \& Francis},
	title = {Associative memory in a network of `spiking' neurons},
	volume = {3},
	year = {1992}}

@article{Tru16,
	author = {Truccolo, Wilson},
	date-added = {2020-03-29 11:08:58 +0200},
	date-modified = {2021-07-28 11:27:17 +0200},
	journal = {J. Physiol. Paris},
	number = {4},
	pages = {336--347},
	publisher = {Elsevier},
	title = {From point process observations to collective neural dynamics: {N}onlinear {H}awkes process {GLM}s, low-dimensional dynamics and coarse graining},
	volume = {110},
	year = {2016}}

@inproceedings{FouLoe16,
	author = {Fournier, Nicolas and L{\"o}cherbach, Eva},
	booktitle = {Annales de l'Institut Henri Poincar{\'e}, Probabilit{\'e}s et Statistiques},
	date-added = {2020-02-11 13:56:31 +0100},
	date-modified = {2020-06-07 11:34:55 +0200},
	organization = {Institut Henri Poincar{\'e}},
	pages = {1844--1876},
	title = {On a toy model of interacting neurons},
	volume = {52},
	year = {2016}}

@article{MoySam02,
	author = {Moynot, Olivier and Samuelides, Manuel},
	date-added = {2019-02-20 14:08:04 +0100},
	date-modified = {2019-02-20 14:08:21 +0100},
	journal = {Probability Theory and Related Fields},
	number = {1},
	pages = {41--75},
	publisher = {Springer},
	title = {Large deviations and mean-field theory for asymmetric random recurrent neural networks},
	volume = {123},
	year = {2002}}

@article{SomCri88,
	author = {Sompolinsky, Haim and Crisanti, Andrea and Sommers, Hans-Jurgen},
	date-added = {2019-02-20 14:07:20 +0100},
	date-modified = {2019-02-20 14:07:36 +0100},
	journal = {Physical review letters},
	number = {3},
	pages = {259},
	publisher = {APS},
	title = {Chaos in random neural networks},
	volume = {61},
	year = {1988}}

@article{MasOst18,
	author = {Mastrogiuseppe, Francesca and Ostojic, Srdjan},
	date-added = {2019-02-13 13:43:54 +0100},
	date-modified = {2019-02-13 13:44:04 +0100},
	journal = {Neuron},
	number = {3},
	pages = {609--623},
	publisher = {Elsevier},
	title = {Linking connectivity, dynamics, and computations in low-rank recurrent neural networks},
	volume = {99},
	year = {2018}}

@article{RaaDit18,
	author = {Raad, Mads Bonde and Ditlevsen, Susanne and L{\"o}cherbach, Eva},
	date-added = {2019-02-13 09:45:58 +0100},
	date-modified = {2019-02-13 09:46:10 +0100},
	journal = {arXiv preprint arXiv:1806.06370},
	title = {Age Dependent Hawkes Process},
	year = {2018}}

@article{PerBru18,
	author = {Pereira, Ulises and Brunel, Nicolas},
	date-added = {2019-02-12 18:05:42 +0100},
	date-modified = {2019-02-12 18:05:54 +0100},
	journal = {Neuron},
	publisher = {Elsevier},
	title = {Attractor dynamics in networks with learning rules inferred from in vivo data},
	year = {2018}}

@article{HodLoe17,
	author = {Hodara, Pierre and L{\"o}cherbach, Eva},
	date-added = {2019-02-12 11:18:31 +0100},
	date-modified = {2019-02-12 11:18:45 +0100},
	journal = {Advances in Applied Probability},
	number = {1},
	pages = {84--107},
	publisher = {Cambridge University Press},
	title = {Hawkes processes with variable length memory and an infinite number of components},
	volume = {49},
	year = {2017},
	bdsk-file-1 = {YnBsaXN0MDDSAQIDBFxyZWxhdGl2ZVBhdGhZYWxpYXNEYXRhXxBiLi4vRG93bmxvYWRzL2hhd2tlc19wcm9jZXNzZXNfd2l0aF92YXJpYWJsZV9sZW5ndGhfbWVtb3J5X2FuZF9hbl9pbmZpbml0ZV9udW1iZXJfb2ZfY29tcG9uZW50cy5wZGZPEQJ4AAAAAAJ4AAIAAAxNYWNpbnRvc2ggSEQAAAAAAAAAAAAAAAAAAAAAAAAAQkQAAf////8faGF3a2VzX3Byb2Nlc3Nlc193I0ZGRkZGRkZGLnBkZgAAAAAAAAAAAAAAAAAAAAAAAAAAAAAAAAAAAAAAAAAA/////wAAAAAAAAAAAAAAAAABAAIAAAogY3UAAAAAAAAAAAAAAAAACURvd25sb2FkcwAAAgB3LzpVc2Vyczp2YWxlbnRpbnNjaG11dHo6RG93bmxvYWRzOmhhd2tlc19wcm9jZXNzZXNfd2l0aF92YXJpYWJsZV9sZW5ndGhfbWVtb3J5X2FuZF9hbl9pbmZpbml0ZV9udW1iZXJfb2ZfY29tcG9uZW50cy5wZGYAAA4ArABVAGgAYQB3AGsAZQBzAF8AcAByAG8AYwBlAHMAcwBlAHMAXwB3AGkAdABoAF8AdgBhAHIAaQBhAGIAbABlAF8AbABlAG4AZwB0AGgAXwBtAGUAbQBvAHIAeQBfAGEAbgBkAF8AYQBuAF8AaQBuAGYAaQBuAGkAdABlAF8AbgB1AG0AYgBlAHIAXwBvAGYAXwBjAG8AbQBwAG8AbgBlAG4AdABzAC4AcABkAGYADwAaAAwATQBhAGMAaQBuAHQAbwBzAGgAIABIAEQAEgB1VXNlcnMvdmFsZW50aW5zY2htdXR6L0Rvd25sb2Fkcy9oYXdrZXNfcHJvY2Vzc2VzX3dpdGhfdmFyaWFibGVfbGVuZ3RoX21lbW9yeV9hbmRfYW5faW5maW5pdGVfbnVtYmVyX29mX2NvbXBvbmVudHMucGRmAAATAAEvAAAVAAIAFv//AAAACAANABoAJACJAAAAAAAAAgEAAAAAAAAABQAAAAAAAAAAAAAAAAAAAwU=}}

@article{GalLoe13,
	author = {Galves, Antonio and L{\"o}cherbach, Eva},
	date-added = {2019-02-12 11:16:32 +0100},
	date-modified = {2019-02-12 11:16:45 +0100},
	journal = {Journal of Statistical Physics},
	number = {5},
	pages = {896--921},
	publisher = {Springer},
	title = {Infinite systems of interacting chains with memory of variable length---a stochastic model for biological neural nets},
	volume = {151},
	year = {2013},
	bdsk-file-1 = {YnBsaXN0MDDSAQIDBFxyZWxhdGl2ZVBhdGhZYWxpYXNEYXRhXxAhLi4vRGVza3RvcC9FTC9wcmludGVkX3ZlcnNpb24ucGRmTxEBaAAAAAABaAACAAAMTWFjaW50b3NoIEhEAAAAAAAAAAAAAAAAAAAAAAAAAEJEAAH/////E3ByaW50ZWRfdmVyc2lvbi5wZGYAAAAAAAAAAAAAAAAAAAAAAAAAAAAAAAAAAAAAAAAAAAAAAAAAAAAAAAAAAP////8AAAAAAAAAAAAAAAAAAQADAAAKIGN1AAAAAAAAAAAAAAAAAAJFTAACADYvOlVzZXJzOnZhbGVudGluc2NobXV0ejpEZXNrdG9wOkVMOnByaW50ZWRfdmVyc2lvbi5wZGYADgAoABMAcAByAGkAbgB0AGUAZABfAHYAZQByAHMAaQBvAG4ALgBwAGQAZgAPABoADABNAGEAYwBpAG4AdABvAHMAaAAgAEgARAASADRVc2Vycy92YWxlbnRpbnNjaG11dHovRGVza3RvcC9FTC9wcmludGVkX3ZlcnNpb24ucGRmABMAAS8AABUAAgAW//8AAAAIAA0AGgAkAEgAAAAAAAACAQAAAAAAAAAFAAAAAAAAAAAAAAAAAAABtA==}}

@article{Che17b,
	author = {Chevallier, Julien and others},
	date-added = {2019-02-11 16:49:53 +0100},
	date-modified = {2019-02-11 16:51:18 +0100},
	journal = {Electronic Journal of Probability},
	publisher = {The Institute of Mathematical Statistics and the Bernoulli Society},
	title = {Fluctuations for mean-field interacting age-dependent Hawkes processes},
	volume = {22},
	year = {2017},
	bdsk-file-1 = {YnBsaXN0MDDSAQIDBFxyZWxhdGl2ZVBhdGhZYWxpYXNEYXRhXxAmLi4vRG93bmxvYWRzL2V1Y2xpZC5lanAuMTQ5Mzc3NzAxOC5wZGZPEQGIAAAAAAGIAAIAAAxNYWNpbnRvc2ggSEQAAAAAAAAAAAAAAAAAAAAAAAAAQkQAAf////8ZZXVjbGlkLmVqcC4xNDkzNzc3MDE4LnBkZgAAAAAAAAAAAAAAAAAAAAAAAAAAAAAAAAAAAAAAAAAAAAAAAAAA/////wAAAAAAAAAAAAAAAAABAAIAAAogY3UAAAAAAAAAAAAAAAAACURvd25sb2FkcwAAAgA7LzpVc2Vyczp2YWxlbnRpbnNjaG11dHo6RG93bmxvYWRzOmV1Y2xpZC5lanAuMTQ5Mzc3NzAxOC5wZGYAAA4ANAAZAGUAdQBjAGwAaQBkAC4AZQBqAHAALgAxADQAOQAzADcANwA3ADAAMQA4AC4AcABkAGYADwAaAAwATQBhAGMAaQBuAHQAbwBzAGgAIABIAEQAEgA5VXNlcnMvdmFsZW50aW5zY2htdXR6L0Rvd25sb2Fkcy9ldWNsaWQuZWpwLjE0OTM3NzcwMTgucGRmAAATAAEvAAAVAAIAFv//AAAACAANABoAJABNAAAAAAAAAgEAAAAAAAAABQAAAAAAAAAAAAAAAAAAAdk=}}

@article{SchDeg17,
	author = {Schwalger, Tilo and Deger, Moritz and Gerstner, Wulfram},
	date-added = {2019-02-08 14:12:53 +0100},
	date-modified = {2019-02-08 14:13:07 +0100},
	journal = {PLoS computational biology},
	number = {4},
	pages = {e1005507},
	publisher = {Public Library of Science},
	title = {Towards a theory of cortical columns: From spiking neurons to interacting neural populations of finite size},
	volume = {13},
	year = {2017},
	bdsk-file-1 = {YnBsaXN0MDDSAQIDBFxyZWxhdGl2ZVBhdGhZYWxpYXNEYXRhXxAiLi4vLlRyYXNoL2pvdXJuYWwucGNiaS4xMDA1NTA3LnBkZk8RAXoAAAAAAXoAAgAADE1hY2ludG9zaCBIRAAAAAAAAAAAAAAAAAAAAAAAAABCRAAB/////xhqb3VybmFsLnBjYmkuMTAwNTUwNy5wZGYAAAAAAAAAAAAAAAAAAAAAAAAAAAAAAAAAAAAAAAAAAAAAAAAAAAD/////AAAAAAAAAAAAAAAAAAEAAgAACiBjdQAAAAAAAAAAAAAAAAAGLlRyYXNoAAIANy86VXNlcnM6dmFsZW50aW5zY2htdXR6Oi5UcmFzaDpqb3VybmFsLnBjYmkuMTAwNTUwNy5wZGYAAA4AMgAYAGoAbwB1AHIAbgBhAGwALgBwAGMAYgBpAC4AMQAwADAANQA1ADAANwAuAHAAZABmAA8AGgAMAE0AYQBjAGkAbgB0AG8AcwBoACAASABEABIANVVzZXJzL3ZhbGVudGluc2NobXV0ei8uVHJhc2gvam91cm5hbC5wY2JpLjEwMDU1MDcucGRmAAATAAEvAAAVAAIAFv//AAAACAANABoAJABJAAAAAAAAAgEAAAAAAAAABQAAAAAAAAAAAAAAAAAAAcc=}}

@article{HodHux52,
	author = {Hodgkin, Alan L and Huxley, Andrew F},
	date-added = {2019-02-07 18:54:10 +0100},
	date-modified = {2019-02-07 18:54:23 +0100},
	journal = {The Journal of physiology},
	number = {4},
	pages = {500--544},
	publisher = {Wiley Online Library},
	title = {A quantitative description of membrane current and its application to conduction and excitation in nerve},
	volume = {117},
	year = {1952}}

@article{TruEde05,
	author = {Truccolo, Wilson and Eden, Uri T and Fellows, Matthew R and Donoghue, John P and Brown, Emery N},
	date-added = {2019-02-07 11:39:33 +0100},
	date-modified = {2021-07-28 11:30:37 +0200},
	journal = {J. Neurophysiol.},
	number = {2},
	pages = {1074--1089},
	publisher = {American Physiological Society},
	title = {A point process framework for relating neural spiking activity to spiking history, neural ensemble, and extrinsic covariate effects},
	volume = {93},
	year = {2005}}

@article{PilShl08,
	author = {Pillow, Jonathan W and Shlens, Jonathon and Paninski, Liam and Sher, Alexander and Litke, Alan M and Chichilnisky, EJ and Simoncelli, Eero P},
	date-added = {2019-02-07 11:38:49 +0100},
	date-modified = {2021-07-28 11:15:23 +0200},
	journal = {Nature},
	number = {7207},
	pages = {995--999},
	publisher = {Nature Publishing Group},
	title = {Spatio-temporal correlations and visual signalling in a complete neuronal population},
	volume = {454},
	year = {2008}}

@article{Pan04,
	author = {Paninski, Liam},
	date-added = {2019-02-07 11:37:35 +0100},
	date-modified = {2019-02-07 11:37:48 +0100},
	journal = {Network: Computation in Neural Systems},
	number = {4},
	pages = {243--262},
	publisher = {Taylor \& Francis},
	title = {Maximum likelihood estimation of cascade point-process neural encoding models},
	volume = {15},
	year = {2004}}

@article{Ama77,
	author = {Amari, Shun-ichi},
	date-added = {2019-02-07 09:54:01 +0100},
	date-modified = {2019-02-07 09:54:18 +0100},
	journal = {Biological cybernetics},
	number = {2},
	pages = {77--87},
	publisher = {Springer},
	title = {Dynamics of pattern formation in lateral-inhibition type neural fields},
	volume = {27},
	year = {1977}}

@article{WilCow73,
	author = {Wilson, Hugh R and Cowan, Jack D},
	date-added = {2019-02-07 09:52:56 +0100},
	date-modified = {2019-02-07 09:53:09 +0100},
	journal = {Kybernetik},
	number = {2},
	pages = {55--80},
	publisher = {Springer},
	title = {A mathematical theory of the functional dynamics of cortical and thalamic nervous tissue},
	volume = {13},
	year = {1973}}

@article{CheDua19,
	author = {Chevallier, Julien and Duarte, A and L{\"o}cherbach, E and Ost, G},
	date-added = {2019-02-07 09:46:53 +0100},
	date-modified = {2019-02-07 09:47:13 +0100},
	journal = {Stochastic Processes and their Applications},
	number = {1},
	pages = {1--27},
	publisher = {Elsevier},
	title = {Mean field limits for nonlinear spatially extended Hawkes processes with exponential memory kernels},
	volume = {129},
	year = {2019},
	bdsk-file-1 = {YnBsaXN0MDDSAQIDBFxyZWxhdGl2ZVBhdGhZYWxpYXNEYXRhXxA0Li4vLi4vLi4vRG93bmxvYWRzLzEtczIuMC1TMDMwNDQxNDkxODMwMDIyWC1tYWluLnBkZk8RAagAAAAAAagAAgAADE1hY2ludG9zaCBIRAAAAAAAAAAAAAAAAAAAAOBOHopCRAAB/////x8xLXMyLjAtUzAzMDQ0MTQ5MTgjRkZGRkZGRkYucGRmAAAAAAAAAAAAAAAAAAAAAAAAAAAAAAAAAAAAAAAAAAD/////33K+VQAAAAAAAAAAAAMAAgAACiBjdQAAAAAAAAAAAAAAAAAJRG93bmxvYWRzAAACAEMvOlVzZXJzOnZhbGVudGluc2NobXV0ejpEb3dubG9hZHM6MS1zMi4wLVMwMzA0NDE0OTE4MzAwMjJYLW1haW4ucGRmAAAOAEQAIQAxAC0AcwAyAC4AMAAtAFMAMAAzADAANAA0ADEANAA5ADEAOAAzADAAMAAyADIAWAAtAG0AYQBpAG4ALgBwAGQAZgAPABoADABNAGEAYwBpAG4AdABvAHMAaAAgAEgARAASAEFVc2Vycy92YWxlbnRpbnNjaG11dHovRG93bmxvYWRzLzEtczIuMC1TMDMwNDQxNDkxODMwMDIyWC1tYWluLnBkZgAAEwABLwAAFQACABb//wAAAAgADQAaACQAWwAAAAAAAAIBAAAAAAAAAAUAAAAAAAAAAAAAAAAAAAIH}}

@article{WilCow72,
	author = {Wilson, Hugh R and Cowan, Jack D},
	date-added = {2019-02-06 13:25:32 +0100},
	date-modified = {2021-07-28 11:31:58 +0200},
	journal = {Biophys. J.},
	number = {1},
	pages = {1--24},
	publisher = {Elsevier},
	title = {Excitatory and inhibitory interactions in localized populations of model neurons},
	volume = {12},
	year = {1972}}

@article{Ger00,
	author = {Gerstner, Wulfram},
	date-added = {2019-02-06 13:20:25 +0100},
	date-modified = {2021-07-28 10:30:10 +0200},
	journal = {Neural Comput.},
	number = {1},
	pages = {43--89},
	publisher = {MIT Press},
	title = {Population dynamics of spiking neurons: fast transients, asynchronous states, and locking},
	volume = {12},
	year = {2000},
	bdsk-file-1 = {YnBsaXN0MDDSAQIDBFxyZWxhdGl2ZVBhdGhZYWxpYXNEYXRhXxAgLi4vLlRyYXNoLzA4OTk3NjYwMDMwMDAxNTg5OS5wZGZPEQFyAAAAAAFyAAIAAAxNYWNpbnRvc2ggSEQAAAAAAAAAAAAAAAAAAAAAAAAAQkQAAf////8WMDg5OTc2NjAwMzAwMDE1ODk5LnBkZgAAAAAAAAAAAAAAAAAAAAAAAAAAAAAAAAAAAAAAAAAAAAAAAAAAAAAA/////wAAAAAAAAAAAAAAAAABAAIAAAogY3UAAAAAAAAAAAAAAAAABi5UcmFzaAACADUvOlVzZXJzOnZhbGVudGluc2NobXV0ejouVHJhc2g6MDg5OTc2NjAwMzAwMDE1ODk5LnBkZgAADgAuABYAMAA4ADkAOQA3ADYANgAwADAAMwAwADAAMAAxADUAOAA5ADkALgBwAGQAZgAPABoADABNAGEAYwBpAG4AdABvAHMAaAAgAEgARAASADNVc2Vycy92YWxlbnRpbnNjaG11dHovLlRyYXNoLzA4OTk3NjYwMDMwMDAxNTg5OS5wZGYAABMAAS8AABUAAgAW//8AAAAIAA0AGgAkAEcAAAAAAAACAQAAAAAAAAAFAAAAAAAAAAAAAAAAAAABvQ==}}

@article{Ger95,
	author = {Gerstner, Wulfram},
	date-added = {2019-02-06 13:19:42 +0100},
	date-modified = {2021-07-28 10:29:13 +0200},
	journal = {Phys. Rev. E},
	number = {1},
	pages = {738},
	publisher = {APS},
	title = {Time structure of the activity in neural network models},
	volume = {51},
	year = {1995}}

@book{GerKis14,
	author = {Gerstner, Wulfram and Kistler, Werner M and Naud, Richard and Paninski, Liam},
	date-added = {2019-02-06 13:01:03 +0100},
	date-modified = {2019-02-06 13:07:55 +0100},
	publisher = {Cambridge University Press},
	title = {Neuronal dynamics: From single neurons to networks and models of cognition},
	year = {2014}}
